1934 3014
227 140 259 190 n
383 133 550 220 nunnoni
580 133 822 189 rnaunnnuu

227 244 343 315 sinitque
353 241 427 305 fovit,
440 245 528 296 contra
538 259 567 295 se
577 241 633 312 ipse
644 241 806 310 miscricors;

226 335 342 390 namque
351 321 381 372 rit
390 316 482 371 reiecta
493 324 540 381 est,
553 316 641 370 necuit
650 315 784 369 hominem
798 316 921 387 protinus

225 394 298 448 Hanc
307 392 358 447 alia
368 408 454 464 quum
465 396 567 465 rogaret
575 407 683 444 causam
693 389 827 456 facinoris,

225 466 373 540 respondit:
394 468 433 521 Nc
443 465 505 538 quis
515 465 599 520 discat
610 464 733 536 prodesse
743 467 881 537 improbis.

373 654 442 699 XIX.
466 654 604 699 VULPIS
628 655 676 698 ET
701 654 830 698 DRACO.

262 755 377 837 Vulpis,
389 763 477 819 cubile
487 763 596 829 fodiens,
608 763 675 818 dum
684 771 780 819 terram
790 764 866 828 eruit,

226 843 334 912 agitque
343 839 433 912 plures
443 839 523 894 altius
533 838 679 904 cuniculos,

224 915 345 986 pervenit
354 914 387 969 ad
397 914 517 970 draconis
526 913 680 985 speluncam
691 912 823 976 ultimam,

226 989 388 1044 custodiebat
397 992 445 1062 qui
456 988 592 1065 thesauros
602 989 716 1044 abditos.

225 1065 302 1118 Hunc
311 1063 393 1119 simul
405 1063 539 1136 adspexit:
560 1066 621 1129 Oro,
634 1072 663 1118 ut
674 1062 866 1136 imprudentiae

226 1137 272 1193 des
282 1142 400 1210 primum
413 1139 530 1207 veniam3
552 1138 657 1204 deinde,
670 1139 692 1194 si
702 1138 794 1211 pulcre
804 1137 887 1203 vides,

224 1231 307 1285 quarn
318 1217 370 1269 non
381 1215 541 1270 conveniens
550 1217 646 1269 cirrum
657 1215 692 1268 sit
702 1214 770 1268 vitae
780 1230 862 1280 meae,

224 1288 382 1361 respondeas
395 1288 545 1344 clementer.
585 1288 670 1355 Quem
681 1288 795 1344 iructirm
808 1288 882 1360 capis

224 1363 275 1419 hoc
283 1368 317 1420 ex
328 1363 424 1431 labore,
436 1363 543 1437 quodve
552 1371 656 1419 tantum
665 1372 705 1418 est
713 1363 875 1436 praemium,

170 1449 196 1490 10
226 1446 256 1492 ut
265 1444 352 1495 careas
362 1457 464 1505 somno,
476 1448 500 1494 et
510 1442 607 1494 aevum
616 1439 644 1494 in
655 1438 770 1494 tenebris
779 1437 890 1513 exigas‘i

225 1512 345 1578 Nullum,
357 1515 445 1586 inquit
455 1514 507 1579 iile,
520 1517 615 1569 venum
624 1514 698 1569 hoca
708 1517 815 1569 summo
825 1512 893 1568 mihi

225 1588 285 1641 Iove
295 1588 449 1643 attributum
461 1599 509 1644 est.
549 1578 585 1644 Er
603 1605 677 1644 onec
686 1591 772 1644 sumis
785 1589 842 1654 tihi,

225 1677 274 1715 nec
283 1661 331 1716 nili
341 1661 424 1718 donas
433 1606 603 1736 quidquamd
620 1663 664 1718 Sic
673 1664 745 1719 Fatis
754 1663 848 1736 piacet.

224 1735 291 1791 Nolo
301 1738 431 1804 irascaris,
444 1738 525 1792 libere
534 1737 558 1792 si
568 1737 675 1793 dixero:

170 1820 195 1863 ¹5
225 1809 271 1866 Dis
281 1812 402 1868 estiraiis
412 1817 499 1878 natus,
514 1813 562 1885 qui
573 1812 719 1867 estsimilis
729 1812 788 1867 tibi.

261 1886 390 1943 Abiturus
399 1885 471 1953 illuc,
486 1890 540 1959 qud
549 1888 649 1958 priores
658 1888 788 1952 abierunt,

224 1961 291 2032 quid
301 1965 388 2017 mente
396 1968 470 2018 caeca
481 1965 610 2016 miserum
621 1969 727 2033 torques
740 1960 884 2033 spiritum?
893 1992 931 2004 -

223 2036 271 2090 tibi
282 2036 349 2102 dico,
361 2055 447 2103 avare,
458 2036 588 2110 gaddium
599 2036 703 2090 heredis
714 2035 762 2099 tui,

223 2112 271 2183 qui
282 2115 339 2166 tine
348 2129 466 2184 superos,
480 2114 570 2183 ipsum
580 2119 605 2165 te
614 2110 719 2166 fraudas
729 2110 801 2166 cibo:

169 2194 194 2239 20
224 2187 271 2258 qui
283 2186 364 2241 tristis
374 2187 450 2242 audis
460 2187 594 2241 musicum
603 2185 718 2239 citharae
726 2199 836 2254 sonum3

223 2276 304 2332 quem
316 2262 440 2316 tibiarum
452 2267 564 2317 micerat
574 2259 736 2327 iucunditas3

222 2336 392 2406 opsoniorum
404 2338 486 2407 pretia
498 2337 541 2391 cui
552 2336 680 2410 gemitum
692 2335 859 2405 exprimunt3

223 2410 281 2480 qui,
294 2408 359 2464 dirm
370 2411 528 2481 quadrantes
540 2418 649 2485 aggeras
660 2408 827 2482 patrimonio,

222 2483 680 2558 caelumfatigassdrdidoperidr103

168 2565 193 2610 25
222 2557 271 2630 qui
281 2559 448 2614 circumcidis
457 2563 562 2614 omnem
575 2561 721 2631 impensam
733 2557 828 2620 funeri,

113 2674 135 2832 .
222 2632 338 2687 Libitina
349 2651 382 2688 ne
391 2633 458 2705 quid
467 2634 500 2689 de
510 2644 554 2690 tuo
564 2634 640 2689 faciat
653 2631 738 2689 lucri?
754 2640 762 2653 ’
