1934 3014
287 175 525 230 APPENDIX
562 175 600 231 ΙΙ.
783 180 811 233 ei

66 282 118 338 Has
127 285 234 355 prtipter
242 300 358 349 caussas,
369 286 395 338 et
404 301 471 356 quas
481 281 591 356 longum
600 292 639 338 est
648 286 775 355 premere.

64 357 138 414 abira
148 356 354 487 destinavuffiro
362 357 470 413 tulerint
481 357 619 430 pedes.-
844 372 870 416 15

65 431 145 506 Ergo,
158 434 255 505 iuquit,
266 451 301 488 au
321 433 343 488 ':
364 436 450 506 quiam
461 430 523 486 maii
534 431 572 486 nii
583 431 683 498 feceris,

64 505 129 561 haee
138 508 276 578 experiris,
289 511 318 562 rit
327 506 414 572 refers,
428 506 607 562 inetmmoda:

64 579 151 651 quid?
168 585 192 636 si
201 583 327 654 perraris,
340 586 409 654 quae
418 590 443 636 te
451 584 594 654 passurum
607 582 702 654 putaa‘i

64 655 122 710 'sali
132 657 242 713 oonsilio
251 665 290 712 est
299 663 314 712 a
324 655 386 730 fuga
396 656 544 713 deterritus.

232 861 287 904 XX.
311 861 428 911 EQUUS
451 862 650 908 CIRCENSIS.
717 873 719 877 ’

127 965 251 1008 Ferentium
266 979 335 1022 aequo
351 979 401 1008 ene
416 965 501 1018 anima,
517 967 625 1026 quidqrrirl
639 969 752 1015 acciderit.

100 1086 216 1167 Equum
221 1098 239 1155 ,ὁ
248 1093 387 1171 quadriga,
400 1096 490 1153 multis
502 1097 597 1170 palmis
610 1099 735 1166 nabilem,

62 1169 152 1242 abegit
160 1170 281 1243 quidam,
292 1173 355 1226 etin
365 1171 509 1243 pistrinum
519 1172 647 1229 vendidit.

63 1244 210 1301 Productus
220 1246 253 1301 ad
262 1245 409 1300 bibendum
419 1263 506 1318 quum
515 1245 579 1302 foret
589 1253 604 1302 a
613 1248 699 1314 molis,

62 1318 91 1374 iu
102 1319 209 1375 Circum
219 1320 342 1392 aequales
353 1323 390 1375 ire
399 1323 535 1392 eonspexit
543 1340 614 1386 suos,

13 1450 16 1455 ,
61 1399 173 1466 utgrata
183 1394 255 1449 ludis
265 1393 402 1450 redderent
410 1395 561 1452 eertamiua.

61 1467 200 1543 Laerymis
209 1469 320 1524 obortis:
343 1472 377 1525 ite
386 1469 482 1536 felices,
495 1472 544 1540 ait;

61 1542 188 1600 eelebrata
197 1545 255 1609 sine
265 1562 308 1598 me
317 1548 396 1602 eursu
407 1545 551 1601 solemnem
562 1547 648 1603 diem:

61 1635 119 1691 ego,
130 1621 184 1694 qu6
193 1617 301 1674 seelesta
310 1618 376 1674 iuris
386 1623 490 1675 attraxit
501 1639 605 1685 manua,

61 1692 100 1746 ibi
109 1696 177 1748 serie
186 1693 254 1748 tristi
264 1692 313 1748 fara
325 1693 424 1750 deiiebe
434 1711 502 1748 mea.

229 1897 295 1940 xxi.
323 1898 435 1942 URSUS
458 1898 642 1942 ESURIENS.

281 2002 368 2043 Fauiam
383 2015 462 2044 acuere
476 2001 597 2054 ingenium.

99 2120 132 2183 Si
142 2131 249 2202 quando
261 2131 289 2186 in
299 2130 375 2187 silvis
386 2134 447 2188 urso
456 2131 552 2188 desunt
560 2133 658 2206 eupiaa

59 2203 229 2274 scopulusum
239 2207 272 2261 ad
282 2205 356 2261 littus
365 2207 455 2270 currit,
467 2217 492 2262 et
501 2208 632 2279 prendens
642 2215 742 2281 petram

59 2276 144 2350 pilesa
153 2295 228 2334 arura
238 2281 338 2336 sensim
347 2281 461 2337 demittit
472 2282 553 2351 vado;

59 2369 175 2424 quorum
186 2355 253 2408 inter
262 2353 339 2411 villos
349 2355 430 2410 simui
443 2355 585 2411 haeserunt
597 2360 725 2418 einoeres,

59 2426 87 2482 in
100 2428 194 2482 terram
204 2430 332 2500 arripiens
344 2432 443 2486 excutit
450 2430 573 2503 praedam
587 2433 678 2496 maria,

57 2505 171 2575 escaque
180 2500 277 2558 fruitur
285 2501 384 2575 piasim
393 2505 498 2561 collecta
509 2505 588 2562 vafer.

96 2577 167 2652 Ergo
176 2578 257 2633 etiam
267 2578 354 2634 stultis
362 2581 432 2637 acuit
442 2581 581 2656 ingenium
590 2578 683 2638 famae.
