1934 3014
316 125 490 181 uiaaa
541 125 595 180 111.
799 39 876 211 aas
942 87 953 123 ²

81 235 156 309 quud
163 237 296 307 dccupuus
308 233 418 289 auribus
429 251 481 288 non
491 235 623 288 cdnveuil.

81 311 202 367 Fortasse
212 310 296 365 dices:
326 307 641 380 eliquaevenimtferiae,

82 403 152 458 quae
161 387 204 439 mu
213 384 299 440 solute
307 385 410 455 pectere
420 382 453 437 ud
463 383 584 439 studium
594 393 695 439 vocent.

80 461 208 534 Legesne‚
221 474 328 531 quaeso,
340 458 427 529 pullus
439 458 503 512 viles
513 459 613 523 uenias,

84 534 224 606 impendas
236 550 327 588 curam
337 538 417 604 quum
429 533 466 586 rei
477 533 640 598 domesticae,

81 608 177 675 reddis
186 609 279 663 amicis
288 611 414 678 tempera,
426 611 503 661 uxori
515 625 599 672 vaces,

81 685 203 741 animum
214 683 324 747 relaxes,
336 682 420 737 ulium
430 681 476 735 des
487 683 597 752 cdrpori,

81 767 112 814 ut
122 758 257 814 ddsuetem
269 757 362 813 idrlius
372 758 486 828 praestes
497 755 599 811 vicem‘l

81 833 240 889 Mutandum
250 833 298 887 tibi
309 833 472 904 propesitum
483 840 554 886 estet
565 834 633 886 vitae
642 849 735 906 genus,

81 909 179 963 intrure
189 908 211 962 si
222 909 360 963 Musurum
371 907 451 961 limen
465 907 572 980 sugium.

81 984 150 1056 Ego,
161 985 243 1054 quem
253 983 338 1037 Pierio
349 987 431 1036 muter
441 982 518 1035 enixa
529 984 568 1035 est
579 982 651 1054 iugo,

80 1059 109 1113 in
121 1061 176 1129 qud
184 1058 284 1112 tonanti
295 1062 383 1111 suncla
395 1058 566 1130 Mnemosyne
577 1057 641 1121 levi,

80 1131 194 1187 secunda
204 1131 304 1197 novies,
317 1132 413 1186 urtium
423 1133 523 1202 peperit
532 1131 656 1198 cherum,

81 1210 208 1280 quemvis
217 1206 245 1261 in
256 1207 313 1278 ipse
324 1209 406 1278 paene
416 1214 493 1260 nulus
504 1209 556 1259 sim
566 1205 663 1269 schole,

80 1287 227 1353 curiamque
237 1281 351 1336 habendi
363 1281 468 1352 punitus
477 1280 554 1336 corde
563 1282 695 1343 miserim,

81 1367 107 1412 et
117 1355 195 1412 laude
204 1356 288 1412 multa
300 1359 380 1411 vitam
392 1356 417 1410 in
434 1355 502 1410 lianc
512 1357 687 1421 incubuerim,

80 1431 216 1488 fastidiose
226 1436 313 1487 tamen
325 1433 352 1486 in
363 1442 464 1486 coetum
476 1432 596 1503 recipior.

81 1506 155 1575 Quid
164 1505 250 1561 credis
261 1507 299 1560 illi
311 1506 434 1569 accidere,
448 1507 495 1576 qui
505 1512 615 1580 magnus
625 1523 687 1578 opes

80 1582 351 1655 exuggerarequaeril
360 1580 433 1635 omni
448 1581 548 1655 vigilia,

81 1656 157 1710 doctu
167 1655 250 1710 labori
260 1655 337 1710 dulce
347 1659 509 1726 praeponens
520 1654 643 1711 lucrum?

81 1729 134 1786 Sed
144 1731 207 1795 idm,
219 1730 398 1802 quodcunque
407 1730 485 1785 luerit
494 1731 531 1803 (ul
540 1732 608 1785 dixu
618 1730 709 1794 Sinon,

81 1804 117 1861 ad
126 1808 216 1878 regem
225 1823 310 1877 quum
321 1805 465 1860 Dardaniae
474 1805 614 1876 perducitis
625 1804 697 1878 ieret)

82 1878 182 1935 librum
192 1879 305 1935 exarabo
316 1880 421 1935 tertium
431 1881 525 1951 Aesopi
536 1879 614 1955 style,

81 1956 175 2012 hondri
186 1963 211 2009 et
221 1954 321 2009 meritis
331 1954 455 2009 dedicans
466 1954 542 2009 illum
554 1955 616 2009 tuis.

81 2029 167 2096 Quem
178 2032 201 2083 si
213 2028 292 2103 leges,
306 2029 431 2096 laetubom
456 2031 499 2084 sin
512 2034 599 2084 aulum
610 2030 710 2091 miuus.

80 2104 219 2159 habebunt
229 2112 304 2169 certe,
316 2107 371 2175 qud
380 2121 408 2158 se
419 2103 547 2159 oblectent
557 2103 662 2176 posteri.

119 2180 206 2243 Nunc,
218 2176 368 2234 fibularum
380 2179 470 2234 cursil
481 2180 617 2234 inventum
627 2195 721 2253 genus,

80 2253 276 2310 brevldecebo.
316 2253 434 2309 servitus
444 2254 566 2317 elandria,

80 2329 154 2401 quia,
167 2331 237 2400 quae
247 2327 358 2393 volebat,
372 2331 423 2383 ndu
435 2328 546 2382 audebat
556 2328 650 2390 dicere,

80 2403 188 2458 allectus
198 2405 318 2476 proprios
330 2405 357 2457 iu
368 2401 475 2457 fabellas
487 2401 626 2463 iriensium,

80 2478 297 2550 calumniamque
307 2477 375 2532 lictis
385 2476 463 2531 elusit
473 2477 545 2530 iocis.

79 2553 136 2628 Ego
146 2553 221 2608 illius
230 2569 279 2625 pro
290 2553 382 2607 semila
393 2550 441 2605 leel
451 2551 531 2615 viam,

79 2636 105 2683 ei
115 2629 230 2704 edgitavi
240 2627 328 2701 plura,
340 2643 422 2700 quam
433 2625 583 2698 reliquerat.
