1934 3014
250 167 284 220 56
403 163 574 217 PHAEDlll
603 161 842 216 FABULARUM

288 269 416 324 Foetiirus
427 268 504 324 ludos
513 268 624 341 quidam
634 267 709 323 dives
719 268 820 324 nobiles

195 363 206 406 5
248 344 382 416 proposito
391 343 766 415 onnotoslnritovitpraemio¹

157 417 159 423 ⁸
249 435 331 490 quam
341 422 458 490 quisque
466 427 562 490 posset,
576 422 606 474 iit
616 419 757 473 novitatem
767 418 921 476 ostenderet,

247 492 349 548 Venere
357 494 470 548 artifices
481 493 567 549 lairdis
577 493 610 548 ad
620 493 776 548 rertdminn:

249 584 317 639 quos
327 570 395 622 inter
403 586 503 634 scurra,
515 572 593 624 ndtus
603 568 705 623 urbano
714 565 776 631 sale,

247 642 344 698 habere
354 643 422 698 dixit
431 646 459 698 sd
468 660 553 716 genus
565 641 714 714 spectdouli‚

193 728 219 771 10
249 717 322 790 quod
334 720 362 772 ln
372 719 471 773 theatro
480 721 629 789 nimquam
640 716 770 789 prolatrim
780 716 852 772 leret.

248 792 389 864 Dispersus
399 810 490 848 rumor
499 794 632 848 civitatem
641 793 760 847 eoncitat.

247 866 340 922 Paullo
349 873 409 925 dnte
418 885 501 923 vaona
511 868 614 922 tnrbam
625 867 750 922 defioidnt
760 866 826 921 loon.

61 953 63 967 ¹
144 1002 151 1009 ‚
247 943 278 997 ln
288 945 365 997 sedne
375 960 437 998 vero
448 946 585 1014 postquam
596 941 670 998 solus
681 942 803 1002 eonstitit,

248 1017 306 1072 sine
315 1022 450 1090 dpparatu,
463 1018 544 1073 millis
555 1017 727 1082 adiutoribus,

194 1102 220 1146 15
249 1090 386 1147 silentium
397 1094 453 1165 ipsa
464 1092 523 1148 lecit
532 1093 700 1164 exspectatio.

247 1166 295 1222 Ille
305 1169 333 1223 ln
343 1169 433 1223 sinum
445 1170 551 1239 repente
560 1167 662 1222 dimisit
671 1175 758 1238 ceput,
806 1180 809 1187 ·

247 1249 274 1296 et
283 1245 322 1296 sio
331 1241 437 1314 porcelli
448 1246 538 1298 vdoem
548 1250 588 1298 aet
596 1243 713 1297 imitatirs
723 1258 779 1304 sun,

248 1333 342 1371 verum
352 1321 382 1372 r'1t
391 1318 500 1372 subesse
507 1317 588 1390 ptllio
600 1318 792 1379 contenderent,

248 1398 273 1445 et
282 1391 368 1445 excuti
380 1392 509 1447 iuberent.
549 1391 607 1458 Quo
618 1392 691 1457 lacto,
704 1389 784 1444 simul

193 1474 219 1519 20
249 1465 317 1520 nihil
328 1468 367 1520 est
376 1475 517 1537 repertum,
531 1466 622 1521 mirltis
631 1475 739 1522 onerant
750 1463 883 1529 laddibus‚

247 1540 438 1612 hominemque
447 1541 544 1612 plausu
552 1545 749 1614 prosequuntur
758 1539 887 1594 mdximo.

248 1614 579 1672 lloovlditfierinistieus.
618 1618 677 1672 Non
687 1633 729 1669 me
739 1613 848 1669 Hercule

247 1707 291 1744 me
300 1693 396 1755 vincet,
409 1691 510 1763 inquit:
531 1695 557 1746 et
566 1692 652 1746 statim
664 1690 797 1762 professus
807 1696 854 1754 est,

247 1764 318 1820 idem
328 1763 458 1820 facturum
470 1766 566 1822 melius
576 1784 604 1821 se
613 1766 748 1838 postridie.

192 1849 219 1894 25
247 1840 291 1894 Fit
300 1841 376 1895 trirba
387 1842 479 1896 maior.
519 1843 573 1896 Ilm
584 1841 766 1896 intermontes
776 1846 855 1902 tenet,

247 1923 273 1969 et
281 1914 404 1981 derisuri,
416 1919 468 1971 ndn
478 1919 627 1989 spectaturi,
639 1915 738 1970 sedent.

240 1989 364 2062 Uterque
372 1991 468 2062 prodit.
507 1991 600 2046 Sotirra
611 1990 755 2064 degrunnit
764 1988 844 2060 prior,

248 2068 389 2138 movetque
398 2064 517 2136 plausus,
530 2069 555 2121 e't
564 2065 690 2120 clamores
700 2063 816 2119 suscitat.

248 2140 324 2194 Tunc
333 2140 464 2196 simulans
474 2159 531 2196 sese
541 2140 702 2195 vestimentis
712 2139 826 2193 rristious

192 2222 219 2266 eo
247 2214 394 2286 poroellum
404 2216 532 2290 obtegere,
545 2214 630 2287 (quod
640 2215 748 2270 iaciebat
756 2212 862 2277 scilieet,

248 2289 303 2356 sed,
317 2293 345 2344 ln
355 2291 441 2361 priore
450 2295 514 2364 qula
526 2290 561 2346 nil
572 2294 758 2361 oomperordnt
771 2287 867 2360 latens)

246 2365 368 2436 pervellit
378 2384 468 2421 aurem
479 2369 549 2431 vero,
561 2382 642 2437 quom
652 2364 787 2428 oeliverat
830 2412 833 2418 .

248 2447 274 2494 et
283 2442 344 2494 oiim
355 2439 443 2496 dolore
454 2445 542 2497 voeem
555 2448 661 2494 naturae
670 2438 805 2509 exprimit.

248 2513 381 2570 declamat
390 2516 514 2588 populus,
526 2518 644 2570 sodrram
654 2513 737 2568 multo
750 2511 867 2565 similius

192 2596 219 2640 tt
248 2588 391 2656 imitdtum‚
403 2599 428 2645 et
437 2591 515 2664 eogit,
528 2590 656 2645 riistioum
668 2587 739 2642 trudi
750 2586 828 2642 foras.

247 2662 281 2719 At
291 2663 335 2719 ille
344 2663 441 2737 profert
450 2668 540 2736 lpsum
549 2663 692 2736 poroellum
703 2665 718 2716 d
728 2661 798 2725 sinu,

54 2753 59 2764 Ι
152 2800 300 2852 Α
