1934 3014
317 77 346 128 to
470 71 641 127 PHAEDRI
669 71 872 126 FABunm..

424 298 514 342 XVIII.
539 299 681 343 MULIER
704 296 955 342 PARTURIENS.

315 397 405 463 Nemo
415 406 525 462 libenter
534 406 631 470 recolit,
646 407 694 478 qui
703 405 786 471 laesit,
798 404 896 460 looum.

353 485 467 537 {nsttnte
476 488 563 553 partu,
575 481 680 546 milior,
692 481 755 534 actis
765 480 912 545 mensibus,

315 558 392 612 humi
402 557 509 621 iacebat,
521 554 622 611 flebiles
630 556 745 629 gemitis
758 559 839 610 ciens.

314 632 362 687 Vir
371 634 411 686 est
420 632 546 695 hortatus,
558 633 653 701 eorpus
663 630 726 684 lecto
735 631 867 701 reciperet,

315 709 383 762 ontis
394 714 501 760 naturae
511 704 607 759 melius
616 723 671 776 quo
680 704 829 776 deponeret.

315 782 434 845 Minimo,
447 781 544 854 inquit,
557 778 602 835 illo
611 783 689 851 posse
699 779 801 834 confido
812 776 868 833 iooo

316 854 417 912 malim]
427 855 508 921 finiri,
521 857 575 928 quo
585 863 739 926 oonoeptum
749 863 788 909 est
798 854 883 909 Initio.
945 912 948 925 „

447 1059 517 1103 XIX.
543 1059 653 1103 CANIS
678 1056 928 1124 PIRTURIENS.

352 1176 464 1239 Habent
475 1182 585 1238 insidias
595 1183 713 1240 hominis
722 1183 865 1239 blanditiae
875 1181 952 1237 mali:

315 1277 384 1332 quas
394 1260 424 1312 tt
433 1257 558 1322 vitemus,
571 1261 665 1313 versus
672 1258 779 1315 subiecti
790 1265 906 1314 monent.

354 1332 435 1387 Canis
444 1332 594 1403 parturiens
603 1335 688 1404 quiim
698 1340 813 1406 rogasset
822 1330 940 1398 tlterom,

316 1414 346 1462 ut
354 1405 437 1461 tetum
447 1405 475 1461 in
486 1405 544 1459 eius
553 1405 659 1478 tegurio
672 1407 819 1479 deponeret,

315 1478 391 1536 sanilo
401 1480 560 1550 impetravit.
584 1480 649 1535 Dein
660 1485 803 1552 reposcenti
814 1481 901 1538 locum

316 1558 406 1628 preses
416 1554 543 1619 admovit,
556 1557 660 1626 tempus
670 1562 781 1612 exortns
790 1557 879 1621 breve,

316 1629 383 1684 dum
393 1627 523 1684 firmiores
533 1628 632 1691 ottulos
641 1640 729 1702 posset
738 1631 842 1686 dicero.

316 1705 371 1758 Hoo
380 1706 488 1776 quoqne
497 1711 644 1769 oonsumto‚
655 1704 770 1778 sstgitare
780 1704 896 1760 vtlidius

232 1815 236 1823 ,
316 1778 507 1849 subtloooepit.
546 1777 870 1835 Simihiettnrbaemeae

261 1863 288 1907 ιο
319 1871 376 1927 par,
390 1852 486 1926 inquit,
497 1869 554 1908 esse
564 1854 688 1923 potueris,
700 1854 790 1910 ceda'm
802 1854 866 1909 looo.

482 2059 540 2103 XX.
565 2059 681 2103 CANES
706 2058 894 2103 FAMELICI.

356 2176 477 2240 Stultum
487 2183 628 2239 eonsilium
637 2188 690 2240 non
702 2183 779 2238 modo
789 2183 879 2238 effecti
892 2193 960 2237 caret

317 2259 364 2313 sed
373 2260 406 2315 td
416 2259 558 2331 perniciem
568 2262 676 2331 quoque
685 2257 806 2313 mortales
816 2257 934 2312 devocat.

356 2333 463 2389 Corit‘lm
474 2333 628 2404 depressum
639 2333 666 2388 in
677 2331 758 2388 flavio
768 2332 893 2387 viderint
902 2349 948 2386 oen

317 2406 348 2461 Id
357 2411 386 2461 ot
395 2424 511 2462 comesse
520 2415 665 2464 extractum
674 2415 781 2479 possent
790 2406 903 2471 stcilius,

261 2493 275 2536 5
319 2486 418 2553 aqutm
426 2498 532 2553 ooopere
541 2483 659 2538 ebibere:
680 2481 808 2552 sedrupti
816 2481 892 2554 prius

318 2555 426 2627 periere,
438 2573 530 2628 quam,
543 2557 616 2629 quod
625 2556 761 2629 petierant,
773 2558 935 2630 oonttngerer
