1934 3014
266 425 693 492 PRAEFATIO.

148 804 265 892 Quibus
275 839 365 896 nuper
375 821 458 878 modo
467 839 569 878 recens
580 822 708 895 expressi
714 820 883 894 prodierunt

78 923 201 995 primunr
218 911 360 991 Catullus,
376 921 520 991 Tibullus,
534 919 713 994 Propertius,
732 938 766 976 ac
780 918 883 975 deinde

81 1017 233 1076 Cornelius
243 1018 351 1095 Nepos,
361 1021 464 1076 iis'dem
477 1022 553 1095 typis
569 1021 626 1074 iam
636 1028 665 1075 et
673 1017 821 1075 Phaedrus
831 1036 882 1073 ex-

80 1127 199 1174 ornatus
213 1120 355 1195 sequitur,
365 1138 449 1195 quem
458 1128 524 1174 ante
537 1118 589 1175 hos
604 1118 729 1175 sedecim
742 1135 832 1173 annos
846 1135 883 1173 ex

79 1221 198 1296 vulgata
212 1220 381 1275 recensione
395 1220 573 1293 exscriptum
586 1218 762 1274 dederamus.
805 1214 883 1271 inte-

79 1320 135 1373 rim
154 1320 290 1394 quoniam
313 1336 350 1373 ex
367 1315 534 1375 Didotianis
558 1316 768 1392 exemplaribus
789 1317 882 1392 magis

81 1435 167 1492 quam
186 1416 309 1473 antehac
327 1419 513 1475 innotuerant
532 1417 640 1475 codicis
660 1417 748 1490 mpti,
771 1434 806 1470 ex
826 1433 882 1490 quo

79 1515 194 1571 fabulae
215 1514 377 1588 fluxerunt,
399 1520 554 1590 lectiones,
579 1536 637 1572 non
658 1513 804 1590 potuimus
826 1533 884 1571 non
925 1526 932 1533 “

80 1617 204 1689 optimas
214 1635 341 1691 quasque
351 1635 387 1672 ex
395 1616 441 1674 hir
450 1619 481 1672 in
489 1625 618 1673 nostram
627 1635 690 1671 rem
704 1626 883 1683 convertere,

81 1723 110 1770 et
123 1717 220 1790 itaque
228 1713 390 1772 Phaedrum
405 1716 504 1773 damus
517 1714 593 1771 haud
608 1733 676 1770 saue
689 1715 790 1788 paucis
800 1715 883 1783 locis,

81 1831 168 1888 quam
181 1813 314 1885 antehac,
329 1815 568 1883 emendatiorem,
583 1815 624 1868 ita
638 1824 745 1884 tamen,
759 1821 792 1867 ut
806 1813 884 1867 onrni

82 1932 147 1968 oum
162 1914 296 1969 cautione
309 1914 532 1970 abstinuerimus
543 1914 730 1968 atemerariis
739 1912 884 1967 recentio-

80 2030 145 2068 rum
159 2011 302 2068 editorum
317 2016 503 2088 corruptelis,
520 2012 623 2088 quibus
642 2029 699 2066 non
718 2013 811 2067 solum
824 2012 884 2068 sin-

81 2092 216 2187 gulorum
235 2113 364 2167 iocorum
383 2132 484 2169 sensus
499 2130 584 2185 saepe
602 2114 723 2167 multum
737 2118 780 2168 est
794 2111 884 2166 inter-

80 2214 206 2286 polatus,
217 2211 268 2267 sed
280 2215 367 2266 etiam
380 2213 512 2288 integrae
526 2210 596 2267 adeo
611 2210 725 2266 fabulae
739 2227 884 2265 commen·

81 2312 165 2367 titiae
178 2312 209 2365 in
222 2309 347 2367 Phaedri
361 2319 474 2366 textum
488 2311 648 2382 immissae3
662 2309 712 2365 abs
726 2327 781 2383 qua
794 2317 883 2364 teme·

81 2411 169 2466 ritate
187 2412 218 2466 in
235 2420 336 2466 nostra
355 2408 482 2465 editione
498 2417 583 2482 poeta
600 2411 684 2482 piane
701 2416 781 2463 tutus
799 2417 885 2482 atquc

81 2511 218 2567 immunis
239 2520 283 2566 est
305 2517 443 2565 serratus.
488 2506 626 2563 Ordinem
650 2508 825 2564 tenuium
838 2503 907 2550 ’ὼ
