1934 3014
185 147 217 201 ἣ
340 142 513 198 nunaunt
541 139 780 197 FABULARUM

453 320 507 363 VII.
532 320 663 363 POETA.

223 420 282 494 Tu,
294 431 352 501 qui,
366 436 467 493 nasute,
479 429 574 499 sculpta
585 425 728 500 destringis
738 446 805 492 mee,

185 513 210 560 et
220 505 269 560 hdo
279 504 396 558 iocorum
407 502 492 576 legere
501 502 602 556 fastidis
615 519 710 574 genus,

184 584 266 652 parvd
277 578 396 633 libellum
407 577 508 632 sustine
517 577 649 649 patientia,

185 654 351 710 severitatem
360 652 453 707 frdntis
462 652 528 706 dnm
537 651 611 723 placo
622 659 680 704 tuae

129 744 142 785 5
185 732 247 784 etin
258 728 394 783 cothurnis
402 726 489 798 prodit
498 729 616 798 Aesopus
627 727 716 780 novis:

222 804 346 858 »Utinam
356 819 404 855 neo
413 819 543 872 umquam
555 800 619 855 Pelii
630 802 744 854 nemoris
755 801 818 876 iugo

186 878 283 950 opinus
294 877 403 948 bipenni
414 876 568 931 concidisset
577 874 700 930 Thessala
711 876 716 928 l

185 970 251 1008 »nec
260 951 294 1008 ad
301 950 433 1023 professae
443 951 534 1005 mortis
545 950 671 1004 audacem
680 951 752 1005 viam
778 1010 784 1017 ,

184 1027 353 1081 olabricdsset
362 1027 450 1099 Argus
459 1029 536 1097 opere
545 1024 661 1080 Palladio
671 1033 761 1089 ratem,

131 1114 156 1156 tu
186 1100 371 1172 »inhospitalis
381 1103 465 1172 prIma
479 1117 547 1172 quae
557 1101 631 1154 Ponti
643 1100 719 1154 sinus

184 1175 328 1248 »patefecit
342 1177 369 1230 in
380 1173 523 1246 perniciem
534 1174 644 1229 Graium
654 1182 679 1228 et
688 1174 847 1230 Barbardml
952 1175 956 1181 '

184 1254 324 1323 »Namque
334 1251 359 1304 et
368 1249 475 1321 superbi
487 1249 559 1322 luget
567 1248 660 1303 Aeetae
672 1248 777 1314 domus,

185 1333 226 1380 oet
237 1328 318 1398 regna
328 1322 412 1378 Peliae
422 1324 517 1378 scelere
528 1323 632 1378 Medeae
643 1324 738 1378 iacent:

184 1417 279 1473 oquae,
292 1401 402 1454 saevum
413 1399 550 1472 ingenium
562 1398 640 1452 variis
652 1397 791 1453 involvens
801 1399 897 1464 modis,

129 1488 155 1531 15
185 1474 259 1530 »illic
267 1491 313 1545 per
323 1481 396 1527 artus
406 1471 492 1527 fratris
503 1472 631 1545 explicuit
642 1471 747 1546 lugam3

184 1551 246 1604 ahio
256 1547 333 1602 caede
342 1547 424 1620 patris
435 1547 572 1602 Peliadum
583 1546 672 1603 infecit
684 1565 811 1602 manus«
821 1579 859 1591 -

221 1623 292 1690 Quid
302 1623 350 1676 tibi
362 1621 484 1676 videtur?
500 1625 553 1678 Hoc
562 1640 669 1695 quoque
680 1622 813 1677 insulsum
823 1626 870 1689 est,
883 1628 924 1679 ais

184 1697 426 1770 salsoquedictum3
448 1697 526 1772 longe
535 1699 598 1770 quia
609 1697 734 1753 vetustior

183 1776 269 1847 Aegea
280 1773 365 1828 Minos
376 1772 458 1827 classe
468 1772 617 1844 perdomuit
627 1771 700 1837 freta,

128 1859 154 1903 20
186 1849 308 1921 iustoque
318 1847 462 1903 vindicavit
473 1847 593 1920 exemplo
605 1851 743 1920 impetum.

183 1923 253 1990 Quid
264 1926 326 1996 ergo
336 1940 445 1994 possum
456 1921 538 1978 iacere
548 1923 605 1987 tibi,
621 1923 699 1977 lectdr
709 1922 780 1983 Cato,

182 2000 205 2052 si
217 2001 265 2053 nec
275 1997 416 2052 fabellaete
427 1999 529 2063 iuvant,
543 2015 590 2053 nec
599 1997 721 2052 fabulae?

182 2072 241 2128 Noli
252 2072 377 2127 molestus
387 2075 445 2126 esse
453 2074 563 2128 omnino
572 2073 663 2136 literis,

182 2150 309 2202 maiorem
319 2147 460 2202 exhibeant
470 2151 503 2202 nd
513 2148 561 2202 tibi
572 2147 729 2202 molestiam.

125 2232 152 2276 25
221 2225 274 2277 Hoc
284 2222 338 2276 illis
348 2223 448 2277 dictum
459 2231 506 2287 est,
517 2225 565 2295 qui
576 2222 685 2277 stultitia
700 2223 836 2279 nauseant.

182 2305 215 2360 et,
228 2302 257 2354 ut
267 2305 391 2369 putentur
400 2302 499 2369 sapere,
511 2297 613 2352 coelum
625 2299 784 2369 vltuperant.

343 2468 400 2512 v111
433 2468 572 2511 vu’Ena
596 2468 644 2511 ET
670 2468 768 2512 ellan.
793 2482 796 2488 ’

219 2561 414 2626 Mordaciorem
424 2571 473 2643 qui
483 2571 603 2643 lmprcbo
613 2569 690 2626 dente
699 2570 807 2643 adpetit.

181 2645 230 2701 hoe
240 2651 395 2720 argumento
405 2649 434 2701 se
443 2646 556 2701 describi
567 2646 670 2700 sentiat.
