1934 3014
333 143 504 197 LIBER
553 145 575 198 Ι.
807 145 832 202 ,Β

79 250 339 323 causamquerelae„
368 250 503 318 Quaedam
512 258 570 305 tum
580 251 666 327 stagni
677 252 785 310 incula·¹

79 343 161 390 nunc,
175 326 271 397 inquit,
284 343 376 389 omnes
388 329 458 381 rinus
468 329 556 380 exurit
566 325 647 392 lacus,

79 403 203 474 cogitque
212 401 322 456 miseras
332 400 405 456 arida
415 400 476 455 sede
485 400 582 456 emori*

80 475 215 542 Quidntm
224 474 344 531 futurum
355 483 403 539 est,
415 477 439 529 si
449 476 541 530 crearit
550 474 664 530 liberos?

80 662 134 706 VII.
163 662 301 708 VULPIS
328 665 375 706 Ab
405 662 602 706 PERSONAM
626 662 827 709 Tuaulcau.

116 764 263 828 Persdn‘am
274 772 400 846 tragicam
410 771 474 826 idrte
483 770 572 843 vulpis
583 771 696 826 viderat:

79 845 213 919 Oquanta
224 848 332 918 species,
346 846 441 918 inquit,
454 847 590 901 cerebrum
604 850 656 901 ndu
667 845 758 901 babet!

117 924 172 977 Hoc
181 921 236 976 iliis
246 922 345 976 dietum
356 929 403 984 est,
415 922 514 992 quibus
526 921 651 975 honorem
660 929 685 974 et
696 920 807 995 gldriam

79 995 183 1052 fortuna
193 996 295 1062 tribuit,
307 999 416 1050 se'nsum
426 1013 595 1050 communem
604 995 722 1051 abstulit.

239 1185 304 1229 vm.
329 1185 451 1229 LUPUS
476 1184 523 1228 ET
549 1184 666 1229 GRUIS.

119 1283 178 1360 Qui
188 1294 303 1366 pretium
314 1294 399 1348 meriti
409 1294 442 1348 ab
455 1293 582 1365 improbis
593 1292 731 1362 desiderat,

78 1369 232 1440 bispeccat:
253 1371 380 1440 primum,
396 1369 786 1442 qudniamindignosadiuvat3

79 1444 190 1515 impune
198 1444 271 1498 abire
280 1444 375 1499 deiude
383 1445 447 1516 quia
458 1446 510 1499 iam
521 1448 573 1499 ndu
585 1452 678 1516 potest.

117 1517 154 1574 Os
164 1519 317 1574 devoratum
326 1518 399 1574 fauce
409 1537 495 1591 quum
504 1520 621 1574 haereret
631 1519 696 1590 lupi¹

79 1596 177 1668 magud
187 1592 275 1662 delore
285 1597 370 1648 victus
380 1596 464 1666 coepit
474 1593 595 1668 singulos
871 1607 883 1648 5

78 1667 186 1723 inlicere
194 1669 286 1740 pretio.
297 1677 328 1724 ut
338 1669 405 1724 illud
414 1671 579 1724 extraherent
591 1667 703 1724 malum.

79 1743 197 1798 Tandem
206 1760 331 1815 persuasa
342 1752 381 1798 est
393 1744 561 1800 iureiuraudd
570 1745 655 1818 gruis»,

77 1817 211 1892 gulaeque
219 1817 327 1873 credens
338 1818 395 1874 cdiii
408 1819 609 1894 longitudinem,

77 1893 253 1965 periculosam
264 1891 324 1948 fecit
334 1894 491 1950 medicinam
503 1895 575 1966 lupo.

78 1969 129 2024 Pro
137 1970 192 2040 qud
202 1986 287 2040 quum
299 1978 403 2040 pactum
415 1969 540 2044 flagitaret
550 1968 712 2041 praemium:
857 1979 883 2022 1⁰
931 1972 933 1977 '

78 2045 182 2118 ingrata
192 2061 229 2108 as,
242 2043 338 2115 iuquit,
350 2048 394 2099 dre
404 2062 472 2116 quae
482 2051 569 2100 nostru
579 2051 657 2115 caput

78 2117 211 2175 inediume
221 2117 368 2184 abstuleris
381 2122 405 2173 et
416 2120 560 2174 mercedem
571 2117 695 2190 postules.

238 2306 283 2351 rx.
307 2307 515 2351 russanen
540 2307 667 2350 Larus.
699 2276 816 2370 frma

118 2408 181 2471 Sibi
192 2419 245 2471 ndu
255 2433 355 2481 cavere,
368 2425 393 2470 et
402 2416 461 2472 eliis
470 2417 611 2472 consitium
622 2416 691 2482 dare,

79 2490 191 2546 stultum
201 2494 267 2557 esse,
278 2491 369 2564 paucis
377 2491 546 2546 dstcndamus
557 2492 687 2546 versibus.

117 2565 280 2638 Oppressum
291 2568 324 2622 ab
334 2566 432 2638 aquila,
444 2565 519 2621 fletus
529 2566 648 2621 edentem
657 2574 751 2641 graves

80 2638 194 2712 leporem
204 2642 361 2715 dbiurgabat
370 2647 472 2713 passer:
496 2643 545 2698 Ubi
556 2642 696 2715 pernIcitas
