1934 3014
251 141 284 194 30
402 136 573 191 PHAEDlll
605 135 846 192 FABULAllUM

195 258 222 302 tt
251 244 383 300 subsedit:
404 244 499 300 deinde
508 247 586 300 noctu
596 245 684 300 subito
695 244 801 299 ienuam
832 309 836 315 Ι

249 319 366 384 intrivit,
379 327 447 374 recta
457 319 609 374 cubiculum
623 323 714 375 uxoris
723 327 823 390 petens,

250 394 278 448 in
289 397 343 464 qud
353 393 468 447 dormire
477 399 559 448 metm
568 403 659 449 natum
674 395 793 458 iusserat,

251 472 359 523 actitem
369 467 485 522 adultam
496 472 605 523 servans
617 468 783 542 diligentius.

250 543 320 596 Dum
330 545 461 614 quaerunt
470 541 570 609 lumen,
583 543 649 598 ditm
658 548 815 597 concursant
824 539 935 605 familie,

196 628 222 673 25
251 615 305 671 irae
314 614 425 671 furentis
436 620 564 703 impetum
574 636 626 673 non
640 618 773 672 sustinens

252 691 285 746 ad
297 690 393 745 lectum
404 689 509 757 accedit,
523 696 603 747 tentat
612 693 639 747 in
651 692 764 746 tenebris
773 698 860 777 caput.

254 766 286 821 Ut
295 766 374 820 sentit
383 773 498 831 tonsum
510 766 598 840 gladio
608 775 698 837 pectus
708 765 837 838 transibit

252 839 320 895 nihil
331 842 481 912 respiciens,
494 841 559 895 ditm
569 840 818 896 doloremvindicet

253 917 372 970 Lucerna
381 915 467 980 allata
479 914 561 970 simul
573 915 693 986 adspexit
703 913 800 979 lilium,

198 1000 225 1044 3⁰
255 995 426 1061 sanctamque
436 1007 546 1044 uxorem
555 990 727 1044 dormientem
738 986 869 1050 cubiculo

253 1067 337 1136 sepita
347 1065 434 1135 primo
444 1081 513 1136 quae
503 1064 560 1118 'nil
571 1081 664 1120 somno
677 1066 801 1127 senserat,

251 1140 454 1210 repraesentavit
464 1141 490 1193 in
502 1155 531 1192 se
539 1156 649 1210 poenam
661 1138 791 1202 facinoris,

252 1221 278 1268 et
287 1212 354 1267 ferro
363 1213 492 1278 incubuit,
505 1214 577 1284 qudd
588 1213 727 1268 credulitas
738 1214 888 1267 strinxerat.

251 1289 420 1343 Accusatores
429 1288 596 1358 postularunt
605 1288 753 1352 mulierem,

197 1373 223 1417 35
253 1364 417 1433 Romamque
426 1366 609 1432 pertraxerunt
618 1363 651 1418 ad
661 1361 848 1417 centumviros.

251 1437 368 1509 Maligna
380 1437 508 1490 insontem
519 1438 643 1509 deprimit
652 1437 778 1509 suspicio,

252 1511 324 1583 qued
335 1511 402 1566 bona
412 1512 551 1581 possideat.
591 1513 665 1568 Stant
674 1511 786 1584 patroni,
798 1509 897 1565 fortiter

251 1589 358 1640 caustm
368 1594 468 1640 tuentes
479 1588 624 1642 innocentis
637 1586 760 1642 laminae.

250 1663 274 1716 A
287 1660 351 1716 dive
360 1659 480 1733 Augusto
489 1665 544 1716 tum
555 1664 653 1734 petiere
663 1662 772 1726 iudices,

195 1742 222 1791 ic
251 1744 282 1790 ut
291 1735 426 1790 adiuvaret
435 1736 606 1793 iurisiurandi
617 1739 634 1792 f
636 1739 706 1803 dem

251 1810 324 1882 quod
334 1812 404 1881 ipsos
414 1827 485 1865 error
495 1812 669 1883 implicuisset
677 1811 808 1866 criminis

250 1885 302 1952 Qui
312 1890 451 1957 postquam
462 1888 581 1942 tenebras
591 1886 703 1960 dispulit
714 1884 870 1947 calumniae,

250 1963 403 2032 certumque
413 1959 510 2015 iontem
520 1963 636 2017 veritatis
647 1963 750 2034 reperit,

250 2036 327 2100 Luat,
339 2036 436 2108 inquit,
448 2053 545 2108 poenas
554 2054 631 2092 causa
643 2036 752 2091 libertus
762 2033 836 2089 malr

194 2111 372 2183 Namque
380 2111 471 2166 orbam
486 2111 635 2166 natosimul
649 2120 673 2165 ct
685 2111 813 2181 privatam
826 2107 884 2163 viro

249 2185 426 2239 miserandam
436 2188 533 2257 potius,
545 2191 627 2258 quam
638 2184 825 2248 damnandam,
840 2182 961 2238 existimo

249 2259 348 2325 Quodsi
359 2258 442 2314 delata
450 2264 628 2351 perscrutatus
641 2261 752 2315 crimina

248 2333 455 2404 paterfamilias
444 2344 520 2400 esset,
533 2354 555 2389 sr
549 2335 733 2390 mendacium

248 2408 379 2462 subtiliter
391 2407 514 2474 iimtsset
526 2428 541 2465 a
552 2410 686 2464 radicibus

192 2493 218 2537 5ο
249 2499 302 2537 non
313 2483 448 2537 evertisset
457 2483 552 2539 scelere
562 2483 664 2540 lunesto
674 2483 794 2538 domum.

285 2557 328 2610 Nii
340 2561 446 2629 spe'rnat
455 2559 537 2624 auris,
550 2563 598 2613 nec
606 2567 693 2614 tamen
708 2557 796 2613 credit
807 2560 909 2612 stetim:

248 2632 466 2705 quandoquidem
476 2643 501 2688 et
510 2633 549 2688 illi
559 2637 675 2706 peccant,
687 2651 755 2706 quos
764 2632 876 2687 minime
884 2640 961 2706 putes
