1934 3014
166 155 183 206 8
321 148 493 203 PHAEDRI
522 144 764 202 FABULARUM

166 257 202 314 At
210 255 256 312 ille
265 255 372 320 stultus,
385 255 450 311 diun
461 254 519 310 vult
529 271 621 308 vocam
630 253 774 318 ostendere.

111 345 137 389 to
166 333 439 398 emisitoractseum3
461 348 543 403 quem
552 329 669 384 celeriter

166 407 256 462 dolosa
266 406 357 477 vulpis
367 405 454 460 iridis
464 406 552 477 rapuit
560 404 696 459 dentibus.

166 484 237 538 Tum
247 481 355 536 demum
365 481 497 554 ingemuit
505 482 577 535 corvi
588 480 713 550 deceptda
722 486 823 551 stupor.
846 502 860 523 ·

205 556 269 632 [Hac
278 556 450 628 reprobatur,
464 555 602 629 ingenium
615 556 746 626 quantum
756 555 835 619 valet,

167 632 264 687 virtute
273 638 299 686 et
307 648 411 703 semper
419 630 553 702 praevalet
561 626 711 704 sapientia]

286 821 354 865 XIV.
377 819 428 863 EX
453 819 597 864 summe
623 818 797 863 MEDICUS.

205 919 301 984 Malus
311 946 373 984 cum
384 937 466 994 sutor,
479 927 568 999 inopia
578 925 739 998 deperditus,

168 1005 328 1060 medicinam
339 1005 427 1078 ignoto
437 1003 520 1058 iacere
529 1003 656 1074 coepisset
669 1001 733 1065 loco,

167 1087 192 1135 et
202 1080 349 1135 venditaret
357 1078 422 1134 idlso
433 1079 580 1133 antidotum
594 1078 709 1142 nomina,

168 1156 287 1210 verbosis
298 1155 444 1227 adquisivit
454 1154 506 1208 sibi
516 1153 616 1208 famam
628 1151 753 1224 strophia.

92 1245 99 1261 ··
112 1241 126 1286 t
168 1230 217 1285 Hic
226 1233 313 1303 quum
324 1230 416 1284 iaceret
425 1228 518 1295 morbo
527 1227 659 1282 coniectus
669 1227 745 1302 gram‘

168 1323 216 1360 rex
226 1305 310 1370 iubis,
323 1304 380 1359 eius
389 1303 542 1374 experiendi
555 1304 639 1376 gratia

168 1380 302 1452 scyphum
312 1379 445 1450 poposcit:
459 1377 524 1432 'iusi
535 1378 597 1431 dein
608 1376 739 1432 simulans
750 1383 819 1450 aqua

168 1456 280 1509 miscere
290 1453 363 1508 illius
373 1452 664 1517 antidomsatdxicum,

169 1529 319 1585 combibere
329 1529 408 1583 iussit
417 1531 517 1599 ipsum,
528 1529 614 1599 posito
622 1528 749 1598 praemio.

114 1615 140 1658 10
170 1605 276 1659 Timore
285 1605 377 1659 mortis
388 1603 433 1657 ille
442 1611 499 1658 tum
510 1602 646 1657 confossus
657 1610 704 1668 est,

169 1697 223 1735 non
234 1679 296 1734 irtis
306 1678 362 1734 ulla
372 1679 488 1733 medicae
498 1696 527 1733 se
536 1677 685 1750 prudentia,

169 1757 264 1809 verum
275 1761 381 1824 stupore
391 1753 476 1827 vulgi,
491 1753 589 1808 iactum
600 1752 726 1809 nobilem.

168 1830 226 1884 Rex
236 1828 358 1884 idvocata
370 1830 495 1884 concione
506 1829 571 1884 haec
584 1828 679 1883 edidit:

169 1904 287 1971 Quantae
297 1904 395 1976 putatis
405 1906 462 1959 esso
472 1922 519 1958 vos
530 1904 685 1966 dementiae,

115 1991 140 2034 15
170 1981 217 2052 qui
229 1979 314 2050 capita
325 1987 410 2034 vestra
421 1982 474 2035 non
485 1979 612 2034 dubitatis
623 1978 736 2042 credero,

170 2055 213 2109 cui
223 2054 376 2111 calceandos
388 2058 465 2110 nemo
477 2055 611 2108 commisit
619 2052 717 2125 pedes?

207 2131 261 2184 Hoc
272 2131 403 2201 pertinere
414 2133 475 2185 vere
485 2130 518 2184 ad
529 2129 588 2184 iilos
599 2128 723 2191 dixerim,

170 2207 286 2277 quorum
296 2206 406 2261 stultitia
417 2208 543 2278 quaestus
553 2203 733 2275 impudentiae
742 2208 790 2255 est.

211 2395 266 2438 XV.
294 2395 431 2441 ASINUS
456 2397 504 2463 AD!
528 2393 652 2438 SENEM
679 2388 886 2434 PASTOREM·

208 2495 243 2559 In
252 2504 401 2575 principatu
413 2501 601 2558 commutando
609 2499 711 2554 civium

171 2578 210 2634 nil
220 2580 322 2651 praeter
332 2577 433 2631 domini
444 2580 540 2631 nomen
549 2581 653 2630 mutant
662 2576 801 2644 pauperes.

171 2653 202 2710 ld
211 2656 269 2710 esse
278 2668 382 2716 verum,
393 2656 475 2722 parva
487 2651 552 2705 haec
561 2648 654 2704 fabella
666 2647 773 2702 indicat.
