<?xml version="1.0" encoding="UTF-8"?>
<!DOCTYPE html PUBLIC "-//W3C//DTD XHTML 1.0 Transitional//EN"
    "http://www.w3.org/TR/xhtml1/DTD/xhtml1-transitional.dtd">
<html xmlns="http://www.w3.org/1999/xhtml" xml:lang="en" lang="en">
 <head>
  <title>
</title>
<meta http-equiv="Content-Type" content="text/html;charset=utf-8" />
  <meta name='ocr-system' content='tesseract 3.04.00' />
  <meta name='ocr-capabilities' content='ocr_page ocr_carea ocr_par ocr_line ocrx_word'/>
</head>
<body>
  <div class='ocr_page' id='page_1' title='image "./phaedrifabulaec00weisgoog_0046.png"; bbox 0 0 1934 3014; ppageno 0'>
   <div class='ocr_carea' id='block_1_1' title="bbox 172 152 765 210">
    <p class='ocr_par' dir='ltr' id='par_1_1' title="bbox 172 152 765 210">
     <span class='ocr_line' id='line_1_1' title="bbox 172 152 765 210; baseline 0.002 -1"><span class='ocrx_word' id='word_1_1' title='bbox 172 157 206 209; x_wconf 72' lang='lat'><strong>³2</strong></span> <span class='ocrx_word' id='word_1_2' title='bbox 320 154 491 208; x_wconf 80' lang='lat' dir='ltr'><strong>PHAEDRI</strong></span> <span class='ocrx_word' id='word_1_3' title='bbox 525 152 765 210; x_wconf 78' lang='lat' dir='ltr'>FABULARUM</span> 
     </span>
    </p>
   </div>
   <div class='ocr_carea' id='block_1_2' title="bbox 114 259 907 1382">
    <p class='ocr_par' dir='ltr' id='par_1_2' title="bbox 172 259 743 333">
     <span class='ocr_line' id='line_1_2' title="bbox 172 259 743 333; baseline 0 -16"><span class='ocrx_word' id='word_1_4' title='bbox 172 262 218 317; x_wconf 90' lang='lat' dir='ltr'><strong>Lis</strong></span> <span class='ocrx_word' id='word_1_5' title='bbox 228 260 359 317; x_wconf 71' lang='lat' dir='ltr'><strong>odiorum</strong></span> <span class='ocrx_word' id='word_1_6' title='bbox 369 259 478 315; x_wconf 80' lang='lat' dir='ltr'><strong>deducta</strong></span> <span class='ocrx_word' id='word_1_7' title='bbox 492 270 540 326; x_wconf 86' lang='lat' dir='ltr'><strong>ost,</strong></span> <span class='ocrx_word' id='word_1_8' title='bbox 553 280 633 333; x_wconf 80' lang='lat' dir='ltr'><strong>vespa</strong></span> <span class='ocrx_word' id='word_1_9' title='bbox 643 261 743 318; x_wconf 85' lang='lat' dir='ltr'><strong>iridioe:</strong></span> 
     </span>
    </p>

    <p class='ocr_par' dir='ltr' id='par_1_3' title="bbox 114 337 907 485">
     <span class='ocr_line' id='line_1_3' title="bbox 171 337 907 410; baseline 0.007 -20"><span class='ocrx_word' id='word_1_10' title='bbox 171 354 249 409; x_wconf 74' lang='lat' dir='ltr'><strong>quae,</strong></span> <span class='ocrx_word' id='word_1_11' title='bbox 259 340 345 410; x_wconf 74' lang='lat' dir='ltr'><strong>genus</strong></span> <span class='ocrx_word' id='word_1_12' title='bbox 356 344 500 406; x_wconf 87' lang='lat' dir='ltr'><strong>utrumque</strong></span> <span class='ocrx_word' id='word_1_13' title='bbox 510 339 597 391; x_wconf 81' lang='lat' dir='ltr'><strong>nosset</strong></span> <span class='ocrx_word' id='word_1_14' title='bbox 606 355 693 409; x_wconf 87' lang='lat' dir='ltr'><strong>quum</strong></span> <span class='ocrx_word' id='word_1_15' title='bbox 703 337 907 410; x_wconf 59' lang='lat' dir='ltr'><strong>pulcherrime</strong></span> 
     </span>
     <span class='ocr_line' id='line_1_4' title="bbox 114 411 741 485; baseline 0.002 -19"><span class='ocrx_word' id='word_1_16' title='bbox 114 423 129 466; x_wconf 63' lang='grc' dir='ltr'><strong>ὅ</strong></span> <span class='ocrx_word' id='word_1_17' title='bbox 172 411 257 485; x_wconf 78' lang='lat' dir='ltr'><strong>legem</strong></span> <span class='ocrx_word' id='word_1_18' title='bbox 268 411 373 465; x_wconf 81' lang='lat' dir='ltr'><strong>duabus</strong></span> <span class='ocrx_word' id='word_1_19' title='bbox 384 411 452 464; x_wconf 84' lang='lat' dir='ltr'><strong>hano</strong></span> <span class='ocrx_word' id='word_1_20' title='bbox 461 413 597 482; x_wconf 77' lang='lat' dir='ltr'><strong>proposuit</strong></span> <span class='ocrx_word' id='word_1_21' title='bbox 608 413 741 483; x_wconf 81' lang='lat' dir='ltr'><strong>partibus:</strong></span> 
     </span>
    </p>

    <p class='ocr_par' dir='ltr' id='par_1_4' title="bbox 171 486 774 573">
     <span class='ocr_line' id='line_1_5' title="bbox 171 486 774 573; baseline 0.005 -33"><span class='ocrx_word' id='word_1_22' title='bbox 171 487 228 540; x_wconf 93' lang='lat' dir='ltr'><strong>Non</strong></span> <span class='ocrx_word' id='word_1_23' title='bbox 241 486 429 541; x_wconf 87' lang='lat' dir='ltr'><strong>tnoonveniens</strong></span> <span class='ocrx_word' id='word_1_24' title='bbox 439 489 542 557; x_wconf 81' lang='lat' dir='ltr'><strong>eorpus,</strong></span> <span class='ocrx_word' id='word_1_25' title='bbox 554 496 579 540; x_wconf 89' lang='lat' dir='ltr'><strong>et</strong></span> <span class='ocrx_word' id='word_1_26' title='bbox 590 505 636 558; x_wconf 82' lang='lat' dir='ltr'><strong>por</strong></span> <span class='ocrx_word' id='word_1_27' title='bbox 648 488 774 573; x_wconf 68' lang='lat' dir='ltr'><strong>simonior,</strong></span> 
     </span>
    </p>

    <p class='ocr_par' dir='ltr' id='par_1_5' title="bbox 172 560 725 632">
     <span class='ocr_line' id='line_1_6' title="bbox 172 560 725 632; baseline 0.004 -18"><span class='ocrx_word' id='word_1_28' title='bbox 172 561 199 615; x_wconf 89' lang='lat' dir='ltr'><strong>in</strong></span> <span class='ocrx_word' id='word_1_29' title='bbox 210 561 324 616; x_wconf 81' lang='lat' dir='ltr'><strong>dubium</strong></span> <span class='ocrx_word' id='word_1_30' title='bbox 335 560 446 632; x_wconf 83' lang='lat' dir='ltr'><strong>ptane&#39;</strong></span> <span class='ocrx_word' id='word_1_31' title='bbox 422 578 463 615; x_wconf 84' lang='lat' dir='ltr'><strong>res</strong></span> <span class='ocrx_word' id='word_1_32' title='bbox 474 570 503 617; x_wconf 91' lang='lat' dir='ltr'><strong>ut</strong></span> <span class='ocrx_word' id='word_1_33' title='bbox 514 562 605 616; x_wconf 88' lang='lat' dir='ltr'><strong>merito</strong></span> <span class='ocrx_word' id='word_1_34' title='bbox 616 563 725 617; x_wconf 77' lang='lat' dir='ltr'><strong>venerit.</strong></span> 
     </span>
    </p>

    <p class='ocr_par' dir='ltr' id='par_1_6' title="bbox 170 635 710 722">
     <span class='ocr_line' id='line_1_7' title="bbox 170 635 710 722; baseline 0.002 -32"><span class='ocrx_word' id='word_1_35' title='bbox 170 635 222 690; x_wconf 87' lang='lat' dir='ltr'><strong>Sed</strong></span> <span class='ocrx_word' id='word_1_36' title='bbox 233 639 266 691; x_wconf 80' lang='lat' dir='ltr'><strong>nd</strong></span> <span class='ocrx_word' id='word_1_37' title='bbox 276 636 368 722; x_wconf 76' lang='lat' dir='ltr'><strong>religio</strong></span> <span class='ocrx_word' id='word_1_38' title='bbox 379 638 465 706; x_wconf 75' lang='lat' dir='ltr'><strong>pdooet</strong></span> <span class='ocrx_word' id='word_1_39' title='bbox 476 635 630 708; x_wconf 78' lang='lat' dir='ltr'><strong>imprudens</strong></span> <span class='ocrx_word' id='word_1_40' title='bbox 643 655 710 699; x_wconf 85' lang='lat' dir='ltr'><strong>men</strong></span> 
     </span>
    </p>

    <p class='ocr_par' dir='ltr' id='par_1_7' title="bbox 115 710 711 858">
     <span class='ocr_line' id='line_1_8' title="bbox 170 710 711 782; baseline 0.004 -18"><span class='ocrx_word' id='word_1_41' title='bbox 170 710 244 766; x_wconf 79' lang='lat' dir='ltr'><strong>alvos</strong></span> <span class='ocrx_word' id='word_1_42' title='bbox 257 711 372 782; x_wconf 80' lang='lat' dir='ltr'><strong>aecipite,</strong></span> <span class='ocrx_word' id='word_1_43' title='bbox 383 718 409 764; x_wconf 89' lang='lat' dir='ltr'><strong>et</strong></span> <span class='ocrx_word' id='word_1_44' title='bbox 418 710 484 764; x_wconf 77' lang='lat' dir='ltr'><strong>neris</strong></span> <span class='ocrx_word' id='word_1_45' title='bbox 493 728 561 781; x_wconf 88' lang='lat' dir='ltr'><strong>opus</strong></span> <span class='ocrx_word' id='word_1_46' title='bbox 572 711 711 776; x_wconf 77' lang='lat' dir='ltr'><strong>infundite,</strong></span> 
     </span>
     <span class='ocr_line' id='line_1_9' title="bbox 115 784 642 858; baseline 0.006 -19"><span class='ocrx_word' id='word_1_47' title='bbox 115 795 141 839; x_wconf 83' lang='lat' dir='ltr'><strong>tt</strong></span> <span class='ocrx_word' id='word_1_48' title='bbox 171 794 201 840; x_wconf 89' lang='lat' dir='ltr'><strong>ut</strong></span> <span class='ocrx_word' id='word_1_49' title='bbox 210 789 244 841; x_wconf 72' lang='lat' dir='ltr'><strong>ex</strong></span> <span class='ocrx_word' id='word_1_50' title='bbox 253 803 345 858; x_wconf 81' lang='lat' dir='ltr'><strong>sapore</strong></span> <span class='ocrx_word' id='word_1_51' title='bbox 355 784 442 839; x_wconf 78' lang='lat' dir='ltr'><strong>meilis</strong></span> <span class='ocrx_word' id='word_1_52' title='bbox 452 793 477 839; x_wconf 87' lang='lat' dir='ltr'><strong>et</strong></span> <span class='ocrx_word' id='word_1_53' title='bbox 486 784 568 841; x_wconf 69' lang='lat' dir='ltr'><strong>forms</strong></span> <span class='ocrx_word' id='word_1_54' title='bbox 579 785 642 852; x_wconf 77' lang='lat' dir='ltr'><strong>invi,</strong></span> 
     </span>
    </p>

    <p class='ocr_par' dir='ltr' id='par_1_8' title="bbox 171 860 815 934">
     <span class='ocr_line' id='line_1_10' title="bbox 171 860 815 934; baseline 0.003 -19"><span class='ocrx_word' id='word_1_55' title='bbox 171 861 204 915; x_wconf 91' lang='lat' dir='ltr'><strong>de</strong></span> <span class='ocrx_word' id='word_1_56' title='bbox 214 866 277 933; x_wconf 84' lang='lat' dir='ltr'><strong>quis</strong></span> <span class='ocrx_word' id='word_1_57' title='bbox 288 878 360 915; x_wconf 88' lang='lat' dir='ltr'><strong>nunc</strong></span> <span class='ocrx_word' id='word_1_58' title='bbox 369 860 465 934; x_wconf 75' lang='lat' dir='ltr'><strong>agitur,</strong></span> <span class='ocrx_word' id='word_1_59' title='bbox 478 865 567 915; x_wconf 81' lang='lat' dir='ltr'><strong>auctor</strong></span> <span class='ocrx_word' id='word_1_60' title='bbox 578 862 672 917; x_wconf 84' lang='lat' dir='ltr'><strong>horum</strong></span> <span class='ocrx_word' id='word_1_61' title='bbox 683 869 815 933; x_wconf 67' lang='lat' dir='ltr'><strong>appareat.</strong></span> 
     </span>
    </p>

    <p class='ocr_par' dir='ltr' id='par_1_9' title="bbox 169 935 723 1007">
     <span class='ocr_line' id='line_1_11' title="bbox 169 935 723 1007; baseline 0.004 -17"><span class='ocrx_word' id='word_1_62' title='bbox 169 937 235 991; x_wconf 87' lang='lat' dir='ltr'><strong>Fuci</strong></span> <span class='ocrx_word' id='word_1_63' title='bbox 247 944 380 990; x_wconf 86' lang='lat' dir='ltr'><strong>recusant:</strong></span> <span class='ocrx_word' id='word_1_64' title='bbox 400 935 496 1005; x_wconf 67' lang='lat' dir='ltr'><strong>opibus</strong></span> <span class='ocrx_word' id='word_1_65' title='bbox 506 936 620 991; x_wconf 83' lang='lat' dir='ltr'><strong>conditio</strong></span> <span class='ocrx_word' id='word_1_66' title='bbox 631 936 723 1007; x_wconf 77' lang='lat' dir='ltr'><strong>pinoet.</strong></span> 
     </span>
    </p>

    <p class='ocr_par' dir='ltr' id='par_1_10' title="bbox 170 1009 688 1080">
     <span class='ocr_line' id='line_1_12' title="bbox 170 1009 688 1080; baseline 0.002 -16"><span class='ocrx_word' id='word_1_67' title='bbox 170 1011 245 1066; x_wconf 82' lang='lat' dir='ltr'><strong>Tunc</strong></span> <span class='ocrx_word' id='word_1_68' title='bbox 257 1010 301 1065; x_wconf 77' lang='lat' dir='ltr'><strong>itta</strong></span> <span class='ocrx_word' id='word_1_69' title='bbox 313 1010 389 1064; x_wconf 75' lang='lat' dir='ltr'><strong>telem</strong></span> <span class='ocrx_word' id='word_1_70' title='bbox 400 1009 509 1080; x_wconf 80' lang='lat' dir='ltr'><strong>protulit</strong></span> <span class='ocrx_word' id='word_1_71' title='bbox 519 1013 688 1066; x_wconf 79' lang='lat' dir='ltr'><strong>sententiam:</strong></span> 
     </span>
    </p>

    <p class='ocr_par' dir='ltr' id='par_1_11' title="bbox 115 1084 834 1232">
     <span class='ocr_line' id='line_1_13' title="bbox 169 1084 834 1159; baseline 0.002 -19"><span class='ocrx_word' id='word_1_72' title='bbox 169 1085 298 1157; x_wconf 77' lang='lat' dir='ltr'><strong>Apertum</strong></span> <span class='ocrx_word' id='word_1_73' title='bbox 308 1093 355 1149; x_wconf 90' lang='lat' dir='ltr'><strong>est,</strong></span> <span class='ocrx_word' id='word_1_74' title='bbox 371 1085 433 1156; x_wconf 86' lang='lat' dir='ltr'><strong>quis</strong></span> <span class='ocrx_word' id='word_1_75' title='bbox 444 1102 496 1139; x_wconf 91' lang='lat' dir='ltr'><strong>non</strong></span> <span class='ocrx_word' id='word_1_76' title='bbox 507 1087 597 1156; x_wconf 80' lang='lat' dir='ltr'><strong>possit,</strong></span> <span class='ocrx_word' id='word_1_77' title='bbox 610 1095 655 1141; x_wconf 81' lang='lat' dir='ltr'><strong>aut</strong></span> <span class='ocrx_word' id='word_1_78' title='bbox 664 1086 725 1159; x_wconf 92' lang='lat' dir='ltr'><strong>quis</strong></span> <span class='ocrx_word' id='word_1_79' title='bbox 736 1084 834 1141; x_wconf 68' lang='lat' dir='ltr'><strong>fecerit.</strong></span> 
     </span>
     <span class='ocr_line' id='line_1_14' title="bbox 115 1158 787 1232; baseline 0.004 -20"><span class='ocrx_word' id='word_1_80' title='bbox 115 1169 140 1213; x_wconf 80' lang='lat'><strong>¹5</strong></span> <span class='ocrx_word' id='word_1_81' title='bbox 170 1161 334 1232; x_wconf 80' lang='lat' dir='ltr'><strong>Quaprdpter</strong></span> <span class='ocrx_word' id='word_1_82' title='bbox 343 1160 438 1231; x_wconf 78' lang='lat' dir='ltr'><strong>apibus</strong></span> <span class='ocrx_word' id='word_1_83' title='bbox 450 1158 562 1214; x_wconf 81' lang='lat' dir='ltr'><strong>fructum</strong></span> <span class='ocrx_word' id='word_1_84' title='bbox 575 1161 682 1215; x_wconf 83' lang='lat' dir='ltr'><strong>restituo</strong></span> <span class='ocrx_word' id='word_1_85' title='bbox 696 1179 787 1215; x_wconf 88' lang='lat' dir='ltr'><strong>suum.</strong></span> 
     </span>
    </p>

    <p class='ocr_par' dir='ltr' id='par_1_12' title="bbox 167 1233 720 1382">
     <span class='ocr_line' id='line_1_15' title="bbox 205 1233 720 1306; baseline 0 -16"><span class='ocrx_word' id='word_1_86' title='bbox 205 1237 279 1290; x_wconf 84' lang='lat' dir='ltr'><strong>Hanc</strong></span> <span class='ocrx_word' id='word_1_87' title='bbox 288 1235 470 1306; x_wconf 67' lang='lat' dir='ltr'><strong>praeterissem</strong></span> <span class='ocrx_word' id='word_1_88' title='bbox 481 1233 596 1289; x_wconf 74' lang='lat' dir='ltr'><strong>inbutam</strong></span> <span class='ocrx_word' id='word_1_89' title='bbox 607 1235 720 1301; x_wconf 73' lang='lat' dir='ltr'><strong>silentio,</strong></span> 
     </span>
     <span class='ocr_line' id='line_1_16' title="bbox 167 1309 704 1382; baseline 0 -18"><span class='ocrx_word' id='word_1_90' title='bbox 167 1311 191 1364; x_wconf 87' lang='lat' dir='ltr'><strong>si</strong></span> <span class='ocrx_word' id='word_1_91' title='bbox 200 1316 303 1382; x_wconf 69' lang='lat' dir='ltr'><strong>poetam</strong></span> <span class='ocrx_word' id='word_1_92' title='bbox 314 1309 365 1363; x_wconf 85' lang='lat' dir='ltr'><strong>inci</strong></span> <span class='ocrx_word' id='word_1_93' title='bbox 377 1312 429 1364; x_wconf 87' lang='lat' dir='ltr'><strong>ndn</strong></span> <span class='ocrx_word' id='word_1_94' title='bbox 443 1314 606 1366; x_wconf 80' lang='lat' dir='ltr'><strong>recusassent</strong></span> <span class='ocrx_word' id='word_1_95' title='bbox 615 1310 704 1365; x_wconf 80' lang='lat' dir='ltr'><strong>iidem.</strong></span> 
     </span>
    </p>
   </div>
   <div class='ocr_carea' id='block_1_3' title="bbox 318 1547 764 1596">
    <p class='ocr_par' dir='ltr' id='par_1_13' title="bbox 318 1547 764 1596">
     <span class='ocr_line' id='line_1_17' title="bbox 318 1547 764 1596; baseline 0.004 -4"><span class='ocrx_word' id='word_1_96' title='bbox 318 1547 384 1593; x_wconf 77' lang='lat' dir='ltr'>xlv.</span> <span class='ocrx_word' id='word_1_97' title='bbox 408 1549 572 1594; x_wconf 78' lang='lat' dir='ltr'>AESOPUS</span> <span class='ocrx_word' id='word_1_98' title='bbox 606 1551 764 1596; x_wconf 82' lang='lat' dir='ltr'>LUDENS.</span> 
     </span>
    </p>
   </div>
   <div class='ocr_carea' id='block_1_4' title="bbox 109 1668 865 2578">
    <p class='ocr_par' dir='ltr' id='par_1_14' title="bbox 109 1668 864 2578">
     <span class='ocr_line' id='line_1_18' title="bbox 205 1668 864 1754; baseline 0.009 -20"><span class='ocrx_word' id='word_1_99' title='bbox 205 1673 355 1737; x_wconf 79' lang='lat' dir='ltr'><strong>Puerorum</strong></span> <span class='ocrx_word' id='word_1_100' title='bbox 366 1682 394 1736; x_wconf 90' lang='lat' dir='ltr'><strong>in</strong></span> <span class='ocrx_word' id='word_1_101' title='bbox 405 1682 481 1736; x_wconf 82' lang='lat' dir='ltr'><strong>turba</strong></span> <span class='ocrx_word' id='word_1_102' title='bbox 492 1682 602 1754; x_wconf 82' lang='lat' dir='ltr'><strong>quidam</strong></span> <span class='ocrx_word' id='word_1_103' title='bbox 614 1682 748 1737; x_wconf 85' lang='lat' dir='ltr'><strong>ludentem</strong></span> <span class='ocrx_word' id='word_1_104' title='bbox 761 1668 864 1740; x_wconf 74' lang='lat' dir='ltr'><strong>dtticus</strong></span> 
     </span>
     <span class='ocr_line' id='line_1_19' title="bbox 167 1755 767 1829; baseline 0.005 -19"><span class='ocrx_word' id='word_1_105' title='bbox 167 1755 299 1826; x_wconf 80' lang='lat' dir='ltr'><strong>Aesopum</strong></span> <span class='ocrx_word' id='word_1_106' title='bbox 312 1757 426 1811; x_wconf 86' lang='lat' dir='ltr'><strong>nucibus</strong></span> <span class='ocrx_word' id='word_1_107' title='bbox 436 1762 521 1829; x_wconf 83' lang='lat' dir='ltr'><strong>quum</strong></span> <span class='ocrx_word' id='word_1_108' title='bbox 533 1757 650 1822; x_wconf 82' lang='lat' dir='ltr'><strong>vidisset,</strong></span> <span class='ocrx_word' id='word_1_109' title='bbox 663 1759 767 1822; x_wconf 74' lang='lat' dir='ltr'><strong>restitit</strong></span> 
     </span>
     <span class='ocr_line' id='line_1_20' title="bbox 167 1830 785 1903; baseline 0.006 -18"><span class='ocrx_word' id='word_1_110' title='bbox 167 1838 192 1885; x_wconf 85' lang='lat' dir='ltr'><strong>et</strong></span> <span class='ocrx_word' id='word_1_111' title='bbox 204 1832 281 1903; x_wconf 72' lang='lat' dir='ltr'><strong>quisi</strong></span> <span class='ocrx_word' id='word_1_112' title='bbox 292 1831 406 1887; x_wconf 78' lang='lat' dir='ltr'><strong>delirum</strong></span> <span class='ocrx_word' id='word_1_113' title='bbox 417 1833 485 1886; x_wconf 90' lang='lat' dir='ltr'><strong>risit.</strong></span> <span class='ocrx_word' id='word_1_114' title='bbox 523 1830 600 1897; x_wconf 89' lang='lat' dir='ltr'><strong>Quod</strong></span> <span class='ocrx_word' id='word_1_115' title='bbox 610 1835 692 1887; x_wconf 88' lang='lat' dir='ltr'><strong>sensit</strong></span> <span class='ocrx_word' id='word_1_116' title='bbox 703 1833 785 1889; x_wconf 86' lang='lat' dir='ltr'><strong>simul</strong></span> 
     </span>
     <span class='ocr_line' id='line_1_21' title="bbox 166 1905 736 1985; baseline 0.005 -25"><span class='ocrx_word' id='word_1_117' title='bbox 166 1905 267 1961; x_wconf 81' lang='lat' dir='ltr'><strong>derisor</strong></span> <span class='ocrx_word' id='word_1_118' title='bbox 278 1908 373 1985; x_wconf 87' lang='lat' dir='ltr'><strong>potius</strong></span> <span class='ocrx_word' id='word_1_119' title='bbox 386 1913 467 1980; x_wconf 71' lang='lat' dir='ltr'><strong>quom</strong></span> <span class='ocrx_word' id='word_1_120' title='bbox 477 1906 636 1961; x_wconf 84' lang='lat' dir='ltr'>deridendus</span> <span class='ocrx_word' id='word_1_121' title='bbox 646 1925 736 1973; x_wconf 85' lang='lat' dir='ltr'><strong>senex,</strong></span> 
     </span>
     <span class='ocr_line' id='line_1_22' title="bbox 110 1982 707 2069; baseline 0.002 -34"><span class='ocrx_word' id='word_1_122' title='bbox 110 1992 123 2035; x_wconf 74' lang='lat' dir='ltr'><strong>s</strong></span> <span class='ocrx_word' id='word_1_123' title='bbox 166 1985 256 2036; x_wconf 82' lang='lat' dir='ltr'><strong>arctim</strong></span> <span class='ocrx_word' id='word_1_124' title='bbox 271 1991 403 2037; x_wconf 78' lang='lat' dir='ltr'><strong>retensum</strong></span> <span class='ocrx_word' id='word_1_125' title='bbox 414 1982 519 2069; x_wconf 84' lang='lat' dir='ltr'><strong>posuit&#39;</strong></span> <span class='ocrx_word' id='word_1_126' title='bbox 513 2000 538 2035; x_wconf 88' lang='grc' dir='ltr'><strong>ιο</strong></span> <span class='ocrx_word' id='word_1_127' title='bbox 554 1982 675 2038; x_wconf 77' lang='lat' dir='ltr'><strong>medii</strong></span> <span class='ocrx_word' id='word_1_128' title='bbox 650 2001 707 2038; x_wconf 83' lang='lat' dir='ltr'><strong>vra:</strong></span> 
     </span>
     <span class='ocr_line' id='line_1_23' title="bbox 165 2056 791 2132; baseline 0.008 -21"><span class='ocrx_word' id='word_1_129' title='bbox 165 2058 245 2120; x_wconf 85' lang='lat' dir='ltr'><strong>Heus</strong></span> <span class='ocrx_word' id='word_1_130' title='bbox 260 2058 356 2129; x_wconf 85' lang='lat' dir='ltr'><strong>inquit,</strong></span> <span class='ocrx_word' id='word_1_131' title='bbox 369 2058 489 2132; x_wconf 82' lang='lat' dir='ltr'><strong>sapiens,</strong></span> <span class='ocrx_word' id='word_1_132' title='bbox 495 2056 589 2129; x_wconf 83' lang='lat' dir='ltr'><strong>expedi</strong></span> <span class='ocrx_word' id='word_1_133' title='bbox 600 2056 666 2128; x_wconf 83' lang='lat' dir='ltr'><strong>quid</strong></span> <span class='ocrx_word' id='word_1_134' title='bbox 677 2056 791 2117; x_wconf 73' lang='lat' dir='ltr'><strong>fecerim</strong></span> 
     </span>
     <span class='ocr_line' id='line_1_24' title="bbox 166 2115 748 2220; baseline 0 -33"><span class='ocrx_word' id='word_1_135' title='bbox 166 2131 304 2187; x_wconf 82' lang='lat' dir='ltr'><strong>Concurrit</strong></span> <span class='ocrx_word' id='word_1_136' title='bbox 313 2132 440 2220; x_wconf 88' lang='lat' dir='ltr'><strong>populus</strong></span> <span class='ocrx_word' id='word_1_137' title='bbox 480 2115 526 2186; x_wconf 83' lang='lat' dir='ltr'><strong>itte</strong></span> <span class='ocrx_word' id='word_1_138' title='bbox 535 2150 563 2186; x_wconf 92' lang='lat' dir='ltr'><strong>se</strong></span> <span class='ocrx_word' id='word_1_139' title='bbox 577 2136 679 2204; x_wconf 83' lang='lat' dir='ltr'><strong>torquet</strong></span> <span class='ocrx_word' id='word_1_140' title='bbox 691 2133 748 2198; x_wconf 86' lang='lat' dir='ltr'><strong>dtu,</strong></span> 
     </span>
     <span class='ocr_line' id='line_1_25' title="bbox 166 2207 754 2283; baseline -0.002 -22"><span class='ocrx_word' id='word_1_141' title='bbox 166 2224 214 2261; x_wconf 86' lang='lat' dir='ltr'><strong>nec</strong></span> <span class='ocrx_word' id='word_1_142' title='bbox 222 2209 384 2279; x_wconf 78' lang='lat' dir='ltr'><strong>quaestionis</strong></span> <span class='ocrx_word' id='word_1_143' title='bbox 397 2208 496 2278; x_wconf 74' lang='lat' dir='ltr'><strong>positae</strong></span> <span class='ocrx_word' id='word_1_144' title='bbox 505 2224 611 2261; x_wconf 81' lang='lat' dir='ltr'><strong>causam</strong></span> <span class='ocrx_word' id='word_1_145' title='bbox 622 2207 724 2283; x_wconf 72' lang='lat' dir='ltr'><strong>intellig</strong></span> <span class='ocrx_word' id='word_1_146' title='bbox 707 2207 754 2263; x_wconf 74' lang='lat' dir='ltr'><strong>oit.</strong></span> 
     </span>
     <span class='ocr_line' id='line_1_26' title="bbox 112 2248 810 2354; baseline 0 -18"><span class='ocrx_word' id='word_1_147' title='bbox 112 2283 315 2337; x_wconf 82' lang='lat' dir='ltr'><strong>Novissime</strong></span> <span class='ocrx_word' id='word_1_148' title='bbox 325 2283 484 2339; x_wconf 80' lang='lat' dir='ltr'><strong>succumbit</strong></span> <span class='ocrx_word' id='word_1_149' title='bbox 521 2282 593 2336; x_wconf 85' lang='lat' dir='ltr'><strong>Tum</strong></span> <span class='ocrx_word' id='word_1_150' title='bbox 604 2283 686 2339; x_wconf 78' lang='lat' dir='ltr'><strong>vrntdr</strong></span> <span class='ocrx_word' id='word_1_151' title='bbox 695 2248 810 2354; x_wconf 91' lang='lat' dir='ltr'><strong>sophus</strong></span> 
     </span>
     <span class='ocr_line' id='line_1_27' title="bbox 109 2356 865 2430; baseline 0.008 -22"><span class='ocrx_word' id='word_1_152' title='bbox 109 2367 136 2408; x_wconf 86' lang='grc' dir='ltr'><strong>ιο</strong></span> <span class='ocrx_word' id='word_1_153' title='bbox 166 2356 223 2412; x_wconf 87' lang='lat' dir='ltr'><strong>Cito</strong></span> <span class='ocrx_word' id='word_1_154' title='bbox 233 2361 340 2430; x_wconf 79' lang='lat' dir='ltr'><strong>rumpes</strong></span> <span class='ocrx_word' id='word_1_155' title='bbox 351 2375 452 2420; x_wconf 81' lang='lat' dir='ltr'><strong>arnum</strong></span> <span class='ocrx_word' id='word_1_156' title='bbox 464 2359 567 2428; x_wconf 89' lang='lat' dir='ltr'><strong>se&#39;mper</strong></span> <span class='ocrx_word' id='word_1_157' title='bbox 577 2357 600 2410; x_wconf 91' lang='lat' dir='ltr'><strong>si</strong></span> <span class='ocrx_word' id='word_1_158' title='bbox 612 2365 716 2411; x_wconf 88' lang='lat' dir='ltr'><strong>tensum</strong></span> <span class='ocrx_word' id='word_1_159' title='bbox 727 2357 865 2414; x_wconf 85' lang='lat' dir='ltr'><strong>hn&#39;bueris·</strong></span> 
     </span>
     <span class='ocr_line' id='line_1_28' title="bbox 165 2430 679 2520; baseline -0.004 -34"><span class='ocrx_word' id='word_1_160' title='bbox 165 2435 223 2486; x_wconf 81' lang='lat' dir='ltr'><strong>atsi</strong></span> <span class='ocrx_word' id='word_1_161' title='bbox 239 2432 345 2498; x_wconf 81' lang='lat' dir='ltr'><strong>laxaris</strong></span> <span class='ocrx_word' id='word_1_162' title='bbox 358 2436 445 2520; x_wconf 76' lang='lat' dir='ltr'><strong>qutun</strong></span> <span class='ocrx_word' id='word_1_163' title='bbox 457 2430 528 2487; x_wconf 82' lang='lat' dir='ltr'><strong>votes</strong></span> <span class='ocrx_word' id='word_1_164' title='bbox 537 2433 586 2486; x_wconf 88' lang='lat' dir='ltr'><strong>erit</strong></span> <span class='ocrx_word' id='word_1_165' title='bbox 597 2431 679 2485; x_wconf 82' lang='lat' dir='ltr'><strong>utitis</strong></span> 
     </span>
     <span class='ocr_line' id='line_1_29' title="bbox 202 2500 753 2578; baseline -0.002 -17"><span class='ocrx_word' id='word_1_166' title='bbox 202 2506 246 2561; x_wconf 87' lang='lat' dir='ltr'><strong>Sin</strong></span> <span class='ocrx_word' id='word_1_167' title='bbox 255 2506 336 2563; x_wconf 78' lang='lat' dir='ltr'><strong>ludus</strong></span> <span class='ocrx_word' id='word_1_168' title='bbox 347 2509 437 2563; x_wconf 80' lang='lat' dir='ltr'><strong>animo</strong></span> <span class='ocrx_word' id='word_1_169' title='bbox 447 2506 524 2561; x_wconf 73' lang='lat' dir='ltr'><strong>debet</strong></span> <span class='ocrx_word' id='word_1_170' title='bbox 533 2506 677 2578; x_wconf 77' lang='lat' dir='ltr'><strong>aliquando</strong></span> <span class='ocrx_word' id='word_1_171' title='bbox 685 2500 753 2571; x_wconf 82' lang='lat' dir='ltr'><strong>dari,</strong></span> 
     </span>
    </p>
   </div>
   <div class='ocr_carea' id='block_1_5' title="bbox 163 2579 687 2648">
    <p class='ocr_par' dir='ltr' id='par_1_15' title="bbox 163 2579 687 2648">
     <span class='ocr_line' id='line_1_30' title="bbox 163 2579 687 2648; baseline 0.002 -14"><span class='ocrx_word' id='word_1_172' title='bbox 163 2579 199 2634; x_wconf 81' lang='lat' dir='ltr'><strong>nd</strong></span> <span class='ocrx_word' id='word_1_173' title='bbox 208 2581 377 2648; x_wconf 67' lang='lat' dir='ltr'><strong>odgitundum</strong></span> <span class='ocrx_word' id='word_1_174' title='bbox 387 2581 480 2638; x_wconf 78' lang='lat' dir='ltr'><strong>mtiior</strong></span> <span class='ocrx_word' id='word_1_175' title='bbox 492 2588 523 2636; x_wconf 89' lang='lat' dir='ltr'><strong>ut</strong></span> <span class='ocrx_word' id='word_1_176' title='bbox 532 2581 618 2637; x_wconf 80' lang='lat' dir='ltr'><strong>rodett</strong></span> <span class='ocrx_word' id='word_1_177' title='bbox 626 2581 687 2636; x_wconf 87' lang='lat' dir='ltr'><strong>tibi</strong></span> 
     </span>
    </p>
   </div>
   <div class='ocr_carea' id='block_1_6' title="bbox 0 0 972 3014">
    <p class='ocr_par' dir='ltr' id='par_1_16' title="bbox 0 0 972 3014">
     <span class='ocr_line' id='line_1_31' title="bbox 0 0 972 3014; baseline 0 0"><span class='ocrx_word' id='word_1_178' title='bbox 0 0 972 3014; x_wconf 95' lang='lat' dir='ltr'><strong> </strong></span> 
     </span>
    </p>
   </div>
  </div>
 </body>
</html>
