1934 3014
218 158 252 212 28
371 151 542 208 PHAEDRI
575 151 817 208 FABULARUlli

54 230 58 241 Ι
164 273 189 317 15
219 262 286 318 Veni
296 262 358 334 ergo
368 277 484 316 meeum.
523 262 592 315 Drim
605 260 883 333 proceduntidspieit

219 335 299 408 lupus
309 339 323 389 t
334 342 423 389 eatena
433 334 531 389 erilium
541 336 665 391 detritum
673 336 743 391 cani.

219 410 294 467 Unde
304 409 362 474 hnc,
375 409 477 464 amice?
510 409 582 464 Nihil
594 418 642 464 est.
681 411 736 475 Die,
749 413 857 483 quaesti,
870 419 957 467 tamen

218 486 286 553 Quia
297 484 388 541 videor
400 501 466 547 acer,
478 483 589 558 alligant
599 501 642 539 me
650 483 777 550 interdiu,

219 561 277 634 luee
287 563 316 615 rit
325 560 470 632 quiescam,
483 566 508 613 et
519 557 637 631 vrgilem,
650 576 703 614 nox
713 577 800 632 quum
810 560 927 616 venerit:

120 690 121 694 ,
163 647 189 690 20
218 633 373 706 erepr'rseuio
383 633 495 698 solutus,
506 651 560 705 qua
572 633 661 687 visum
671 636 718 699 ist,
729 651 821 709 vagor.

218 709 333 766 Affertur
342 708 411 764 ultro
420 709 507 781 pinis,
518 707 551 762 de
561 712 651 762 mensa
661 725 710 762 sua

219 784 480 851 datessademiuus3
503 781 791 848 irristaiactntiamilia,

218 868 252 927 et,
267 861 338 933 quid
349 859 447 914 fastidit
456 861 581 931 quisque,
594 857 813 928 pulmentarium.

219 936 330 991 sicsine
341 935 428 990 labore
438 939 529 989 venter
540 933 665 1004 impletur
675 950 760 987 meus.

164 1020 190 1064 25
218 1011 282 1084 Age,
295 1012 319 1064 si
330 1025 383 1080 quo
394 1009 466 1063 abire
475 1017 514 1063 est
522 1008 639 1072 animus,
651 1016 690 1062 est
700 1005 822 1062 lieentia?

219 1086 277 1139 Non
287 1083 365 1156 plane
374 1091 422 1147 est,
433 1084 531 1154 inquit.
570 1083 677 1148 Fruere,
689 1099 758 1154 quae
767 1081 868 1148 laudis,
881 1084 956 1138 oanis

219 1164 329 1232 regnare
338 1157 408 1222 noio,
421 1156 487 1212 liber
497 1165 590 1212 utnon
600 1160 653 1212 sim
663 1157 742 1211 mihi.

363 1375 428 1418 Vlll.
452 1375 604 1418 FRATER
627 1374 675 1420 ET
701 1375 823 1420 sutton.

222 1516 363 1594 Praecepto
373 1525 498 1590 monitus,
511 1529 587 1597 saepe
597 1535 621 1578 te
633 1522 779 1578 considera.

257 1597 375 1652 Habebat
384 1599 493 1671 quidam
504 1599 589 1654 illlam
600 1598 792 1670 turpissimam,

220 1671 345 1743 idemque
358 1674 490 1748 insignem
500 1673 609 1746 prilehra
620 1672 684 1727 iaeie
693 1671 792 1726 illium.

219 1747 253 1800 Hi
262 1746 410 1818 specuium,
423 1749 450 1804 in
461 1749 582 1805 cathedra
592 1749 683 1803 matris
692 1755 722 1801 ut
732 1747 847 1818 positum
857 1745 917 1812 iuil,

165 1833 177 1876 5
219 1820 355 1893 pueriliter
366 1823 493 1890 ludentes,
507 1825 569 1879 iurte
582 1823 759 1893 inspexerant.

220 1897 269 1950 Hie
278 1899 306 1950 se
315 1895 460 1954 iormnsum
472 1899 558 1966 iactat3
580 1896 626 1952 illa
639 1896 768 1959 irascitur,

221 1988 269 2025 nee
278 1971 415 2045 gleriantis
425 1974 536 2028 stistinet
545 1972 632 2028 iratrls
642 1972 721 2034 iones,

220 2048 352 2118 accipiens
360 2047 436 2120 (quid
444 2047 542 2122 enimi)
552 2052 645 2102 cuneta
656 2045 683 2100 in
693 2042 892 2099 contumeliam.

220 2121 291 2194 Ergo
301 2120 334 2176 ad
344 2131 444 2194 patrem
453 2122 574 2188 decurrit,
586 2120 688 2177 laesura
699 2119 823 2184 invioem,

166 2204 192 2247 10
220 2202 371 2268 magnique
380 2197 480 2252 invidia
491 2197 645 2252 criminatur
656 2194 753 2260 illium,

223 2270 264 2324 vir
274 2275 351 2325 nitus
362 2272 435 2343 quud
444 2289 499 2326 rem
509 2271 669 2326 feminarum
680 2267 801 2342 tetigerit.

221 2343 369 2415 Amplexus
380 2346 423 2400 ille
434 2350 585 2418 utrumque,
597 2354 622 2400 et
630 2361 740 2416 carpens
749 2341 848 2407 (iscula,

221 2417 380 2491 dulcemque
390 2421 416 2476 in
426 2422 518 2476 ambos
528 2422 660 2475 caritatem
669 2418 793 2491 ptrtiens,

222 2491 352 2560 Quotidie,
365 2496 460 2568 inquit,
476 2494 582 2567 speculo
593 2513 639 2550 vos
652 2498 690 2549 uti
705 2492 773 2558 volo,

167 2576 193 2619 15
223 2574 253 2620 tu
262 2566 374 2623 itrmam
385 2588 418 2625 ne
427 2574 579 2641 corrumpas
589 2569 721 2642 nequitiae
731 2567 823 2635 maiis,

222 2649 251 2695 tu
262 2640 354 2698 laniem
364 2653 395 2700 ut
404 2646 481 2700 istam
491 2645 611 2700 maribus
621 2644 712 2699 vincis
722 2643 809 2698 bonis.
