1934 3014
212 177 245 227 68
371 167 552 224 FABULAE
586 167 802 224 GUDlANAE.

391 357 445 400 XV.
468 357 533 400 LEO
546 357 602 401 ἘΤ
626 356 779 401 PAsToR.

250 439 355 502 Errtns
366 447 394 500 in
404 445 474 500 silva
482 449 589 518 spinam
599 445 711 501 caleavit
720 444 773 513 leo;

213 539 277 577 mox
286 522 321 576 ed
330 528 462 593 pastorem
472 520 556 576 cedda
569 523 641 577 venit
649 518 803 575 blindieus:

212 599 252 652 Ne
260 595 435 668 perturberis3
456 594 568 668 imploro
577 594 691 667 supplex
701 612 788 666 opem.

213 688 267 726 nou
277 670 402 743 praedem
411 686 520 742 quaero.
559 671 636 726 Ponit
644 670 672 724 in
682 669 784 744 gremio
797 667 890 740 pedem

159 757 172 801 t
214 745 294 801 homo
303 744 450 808 sublatum,
462 752 487 798 et
496 744 616 799 eximens
625 744 731 816 spindm
740 744 816 817 gravi

214 819 389 875 levitdolore.
429 818 507 873 Redit
515 819 579 874 hine
588 819 617 874 in
626 818 708 873 silvts
718 817 769 874 leo.

214 895 292 950 Falso
301 903 361 966 post
370 902 474 965 tempus
484 898 621 948 tmumtus
632 893 743 947 crimine

213 972 301 1041 pastor
310 969 461 1033 damnatur,
473 973 552 1040 itque
561 966 633 1023 ludis
642 967 772 1040 proximis

214 1043 312 1099 ieiunis
321 1043 414 1115 proiiei
426 1042 531 1096 iubetur
542 1042 644 1097 bestiis.

159 1127 186 1172 m
213 1118 335 1172 Emissae
346 1117 412 1172 dum
423 1117 593 1172 discursitant
601 1121 703 1188 passim
713 1115 790 1180 ieme,

215 1192 324 1266 agnovit
332 1193 479 1257 hominem,
491 1194 539 1263 qui
550 1191 710 1246 medicinam
722 1190 826 1256 federat,

214 1266 264 1332 leo,
276 1269 301 1321 et
311 1265 444 1321 sublatam
454 1269 549 1321 rursus
558 1266 586 1321 in
596 1267 698 1340 gremio
706 1265 800 1338 pedem

216 1341 312 1413 pastori
322 1342 407 1412 ponit.
446 1341 504 1396 Rex
513 1347 543 1395 ut
552 1344 684 1415 coguovit,
696 1340 783 1396 statim

215 1415 293 1471 silvis
305 1414 417 1481 leonem,
428 1424 454 1471 et
462 1420 594 1488 pistorem
606 1416 693 1471 reddit
701 1416 770 1471 suis.

363 1569 427 1614 XVI.
451 1570 572 1613 cutux
594 1570 639 1613 ET
663 1569 817 1614 TAURUS.

254 1649 346 1715 Culex
355 1677 442 1732 quum
452 1668 559 1715 taurum
569 1663 736 1732 prtvocesset
744 1660 858 1724 viribus,

216 1738 303 1789 euncti
314 1742 445 1791 venerunt
453 1735 555 1808 populi,
567 1743 598 1791 ut
606 1752 727 1810 pugnam
736 1736 881 1789 struerent.

216 1810 302 1866 Culex
310 1819 381 1866 tum:
403 1814 467 1866 satis
478 1818 526 1877 est,
538 1809 611 1883 quod
621 1809 717 1866 venisti
727 1810 860 1864 eominus.

216 1887 284 1940 Nam
292 1890 392 1957 pirrvus
401 1886 479 1953 mihi,
492 1885 591 1941 iudicio
603 1902 665 1940 sum
674 1887 789 1958 magnus
798 1892 854 1940 tuo.

162 1972 174 2015 t
216 1961 376 2031 llinostper
385 1978 463 2017 aures
472 1963 559 2032 penna
569 1959 678 2014 sustulit
688 1959 749 2024 levi,

217 2033 334 2106 lusitque
346 2035 461 2101 turbam.
472 2043 498 2090 et
508 2035 577 2091 todri
585 2033 704 2088 destituit
713 2034 810 2090 minas.

216 2108 293 2176 Quod
302 2112 325 2162 si
336 2108 429 2164 fuisset
438 2108 542 2165 vilidae
549 2110 660 2164 cervicis
670 2125 780 2173 memor,

216 2192 241 2238 et
250 2186 341 2238 teritus
351 2184 452 2239 hostem
461 2184 642 2240 contemsisset
650 2183 797 2248 sordidum,

216 2258 310 2314 fuisset
319 2276 387 2313 vane
398 2259 489 2314 inertis
498 2258 631 2332 gloriitio.

162 2343 189 2387 ¹⁰
255 2333 359 2387 Amittit
367 2333 475 2399 lamam,
486 2336 535 2407 qui
544 2351 574 2388 se
586 2331 705 2406 indiguis
716 2336 860 2404 eomparat.

361 2487 436 2530 xvu
460 2488 578 2538 EQUUS
601 2489 650 2532 ET
673 2487 812 2534 ASINUS.

254 2569 352 2632 Asello
361 2578 467 2650 sonipes
475 2577 592 2650 phileris
601 2590 715 2635 oeourrrt
724 2590 840 2634 tumens.

217 2658 251 2714 et,
264 2648 350 2706 ltssus
360 2651 443 2708 multo
452 2653 553 2709 ttrdius
562 2653 635 2729 quod
644 2654 760 2727 pondere

113 2748 203 2840 Ἱ
