1934 3014
307 149 479 204 LIBER
528 151 566 204 ll.
783 157 813 207 19

63 257 148 330 grntls
158 254 295 321 anhelans,
308 256 390 310 multa
401 257 502 331 agendo
512 258 579 312 nihil
592 275 682 331 agens,

64 329 531 386 siblmolestaetaliisodiosissima:
590 334 595 347 ‘

63 404 134 460 hano
143 404 292 469 emendare,
304 407 327 458 si
337 413 423 460 tamen
432 411 551 477 possum,
563 407 623 462 volo
854 421 868 466 t

64 484 127 536 vera
137 476 247 534 labello:
268 480 383 550 pretium
394 487 535 552 estoperae
545 482 684 538 attendere.

103 553 199 610 Caesar
208 553 339 618 Tiberius,
352 557 446 626 quam,
460 563 550 626 petens
560 556 706 628 Neapolim,

64 629 93 683 in
104 629 278 685 Misenensem
290 627 382 683 villam
390 629 505 683 venisset
514 648 600 695 suam,

63 720 143 776 quae,
155 706 244 758 manto
253 719 359 758 summo
368 704 451 774 posita
464 704 566 759 Luculli
578 722 668 771 manu,

62 780 212 850 prospectat
221 776 350 842 Siculum,
364 785 389 831 et
398 778 507 849 despicit
520 780 636 834 Tuscum
647 797 732 836 mare:

64 869 98 908 ex
107 852 246 908 alticinctis
256 855 327 906 unus
337 852 505 916 istriensibus,

63 928 107 982 oui
120 927 208 982 tdnioo
219 926 252 981 ab
262 926 381 980 humeris
391 927 471 982 linteo
483 927 587 983 Pelusio

64 1008 120 1058 erat
129 1001 259 1065 destricta,
272 1002 348 1055 eteris
358 1000 576 1073 dependentibus,

63 1074 264 1149 perambulante
274 1075 338 1130 laeta
349 1075 457 1131 domino
467 1076 571 1142 viridia,

63 1151 166 1206 alveolo
175 1151 260 1222 eoepit
270 1149 357 1226 ligneo
366 1154 537 1225 oonspargere

63 1226 179 1280 humum
190 1229 361 1290 aestuantem,
373 1229 446 1280 oame
455 1225 574 1281 officium
584 1227 717 1282 iactitans:

63 1301 110 1355 sed
123 1300 266 1355 dalidetur.
307 1300 369 1355 lnde
379 1301 447 1355 notis
458 1300 571 1367 flexibus

62 1375 209 1447 praecurrit
218 1374 301 1430 alium
313 1376 340 1429 in
350 1374 470 1450 xystum,
482 1376 577 1431 sedans
586 1375 734 1448 pulverem.

62 1450 335 1524 agnascithominem
343 1449 446 1516 Caesar,
462 1469 571 1523 remque
581 1450 714 1527 intelligit.

62 1525 94 1580 ld
102 1528 133 1580 at
142 1525 246 1597 putavit
255 1528 313 1580 asse
322 1526 410 1580 neseio
419 1525 486 1597 qnid
496 1526 572 1582 boni:

61 1600 143 1655 hausl
157 1600 245 1672 lnquit
256 1600 391 1655 dominus.
431 1600 476 1655 llle
485 1603 621 1657 enimvero
630 1601 726 1667 adsilit,

62 1674 213 1730 donationis
223 1675 306 1730 alacer
316 1682 400 1729 certae
408 1674 513 1747 gaudio.

62 1750 132 1804 Tum
142 1751 182 1804 sto
191 1749 271 1804 iocata
280 1757 319 1803 est
328 1754 400 1803 tanta
412 1750 534 1804 maiestas
544 1750 633 1804 dueis:

62 1824 122 1878 Non
132 1823 247 1878 maltum
258 1823 345 1896 egisti,
357 1831 383 1876 et
390 1826 467 1893 apera
477 1824 658 1894 nequidquam
668 1827 749 1894 perit3

61 1897 147 1954 multa
157 1896 264 1953 maioris
273 1897 363 1968 alapae
373 1913 477 1951 meeum
487 1900 611 1952 veneunt.

104 2101 146 2145 v1.
171 2099 318 2152 anulus,
342 2097 481 2143 0012le
506 2098 553 2142 ΕΤ
578 2097 763 2142 Tnsnuno.

100 2258 200 2323 Contra
210 2275 326 2338 potentes
335 2267 413 2320 nemo
423 2273 461 2319 est
471 2264 591 2319 munitus
601 2263 678 2331 satis;

60 2341 84 2396 si
95 2345 157 2397 varo
167 2341 274 2397 accessit
283 2339 432 2396 oonsiliator
442 2339 586 2402 maleficus,

60 2416 103 2472 vis
113 2419 138 2471 at
149 2416 267 2489 nequitia
277 2413 411 2487 quidquid
420 2418 584 2486 oppugnant,
596 2418 659 2466 ruit.

98 2489 195 2564 Aquila
207 2493 234 2545 tn
245 2489 361 2545 sublime
370 2486 478 2543 sustulit
487 2486 660 2544 testudinem:

60 2582 129 2638 quiae
139 2583 225 2639 quum
235 2563 380 2621 abdidisset
388 2566 480 2617 oernea
491 2565 586 2633 oorpus
595 2561 682 2628 domo,
850 2574 862 2616 s

59 2657 111 2696 neo
119 2639 175 2697 allo
183 2647 260 2714 paeto
268 2638 336 2694 laedi
346 2645 435 2710 posset
443 2636 561 2692 condita:

655 2728 724 2780 Μ.
