1934 3014
320 156 492 211 LIBER
541 156 589 211 IV.
796 159 829 212 49

275 361 331 404 XX.
368 361 628 405 PHAEDRUS.

118 458 196 534 Quid
205 465 321 523 iudicare
329 468 423 541 <rogitet
434 467 500 522 livor
513 466 599 530 modo,
626 482 629 486 ·

79 543 139 598 iicet
148 543 306 607 dissimulet,
319 543 428 614 pulchre
438 551 524 597 tamen
535 541 663 614 intelligo.

78 617 218 690 Quidquid
227 618 330 688 putabit
340 621 396 672 esso
406 618 519 690 dignum
530 617 664 678 memoria,

78 693 175 765 Aesopi
186 692 266 759 dioet3
288 695 311 746 si
322 693 388 764 quid
397 692 488 746 minus
497 693 621 755 arriserit,

78 771 148 822 ame
158 763 294 822 oontendet
302 765 394 822 fiotum
404 767 501 838 quovis
511 769 631 839 pignore.

79 841 165 908 Quem
175 841 234 896 volo
244 841 325 895 refelli
337 843 388 896 itm
400 858 471 896 nuno
481 844 606 912 responso
615 859 686 896 meo:

79 917 142 971 Sive
152 917 202 971 hoo
212 917 341 989 ineptum,
354 920 411 970 sive
421 915 585 971 laudandum
598 918 637 970 est
645 933 722 988 opus,

79 990 183 1046 invenit
193 990 245 1056 ille,
258 993 345 1046 nostra
354 991 461 1062 perfecit
470 1008 576 1045 manus.

81 1065 133 1120 Sed
143 1069 322 1138 exsequamur
331 1068 453 1138 ooe'ptum
462 1065 588 1138 propositi
599 1063 728 1119 ordinem,

176 1269 243 1314 XXI.
265 1271 514 1315 murmurum
536 1269 733 1314 SIMONIDIS.

80 1376 174 1440 Homo
183 1385 275 1440 doetus
287 1387 314 1440 in
325 1404 353 1440 se
363 1389 466 1458 semper
476 1386 582 1441 divitiis
595 1385 683 1440 habet.
752 1413 763 1433 ο

118 1459 276 1525 Simonides,
288 1462 335 1533 qui
348 1463 454 1532 scripsit
462 1462 599 1591 euprepium
609 1460 701 1526 melos,

80 1551 135 1606 quo
145 1538 322 1606 paupertatem
332 1536 471 1591 sustineret
490 1537 528 1591 toi
541 1537 593 1600 ius,

80 1610 192 1664 circuire
201 1611 285 1681 ooepit
296 1611 373 1666 iirbes
383 1610 459 1666 Asiae
473 1611 582 1674 nobiles,

80 1684 200 1738 mercede
210 1693 312 1755 eooepta
323 1685 426 1740 laudem
438 1688 565 1740 victorum
580 1701 687 1738 canens.
874 1693 886 1736 5

80 1760 135 1813 Hoc
144 1761 240 1832 genere
251 1769 376 1831 quaestus
385 1763 525 1832 postquam
537 1758 652 1829 locuples
662 1757 744 1813 ftctus
755 1768 803 1822 est,

81 1833 168 1888 redire
177 1834 206 1888 in
217 1842 328 1905 petriam
338 1834 422 1889 voluit
431 1852 510 1889 eursu
522 1833 637 1906 pelegi03

80 1916 135 1963 erat
145 1909 231 1963 autem
243 1917 329 1975 natus,
342 1918 371 1963 ut
380 1910 463 1973 tium,
476 1910 503 1963 in
515 1909 564 1964 Cet
579 1907 675 1962 tnsult.

80 1982 225 2037 Adscendit
234 2001 342 2050 navem3
355 1989 435 2055 quem
447 1991 585 2053 tempestas
594 1980 700 2036 horrida

80 2057 163 2112 simul
173 2060 199 2112 et
208 2065 323 2112 vetustos
334 2058 420 2112 medio
430 2057 551 2112 dissolvit
560 2056 636 2110 mari.
861 2064 884 2106 ιο

79 2132 112 2186 Hi
123 2136 212 2197 zonas,
225 2130 263 2186 illi
273 2135 316 2187 res
327 2133 451 2203 pretiosas
463 2131 599 2205 eolligunt,

79 2207 233 2278 substdium
244 2207 322 2262 vitae.
362 2207 625 2273 Quidamouriosior:

79 2281 224 2346 Simonide,
236 2290 265 2336 tu
275 2300 308 2337 ex
318 2281 414 2353 opibus
424 2281 461 2336 nil
472 2284 558 2336 sumis
568 2278 639 2336 tuis?

33 2394 38 2402 -
79 2357 194 2421 Mecum,
208 2358 558 2429 inquitmoasuntounota.
597 2356 673 2409 Tune
681 2369 758 2425 pauor
768 2353 830 2406 tna·

576 2436 640 2489 taut.

51 2544 55 2549 .
79 2504 143 2576 quia
154 2503 243 2575 plures
253 2522 330 2560 onere
340 2504 474 2579 degravati
484 2505 623 2576 perierant.
858 2511 885 2553 1⁵

79 2579 226 2634 Praedones
236 2579 342 2644 adsunt,
353 2580 468 2651 rapiunt,
481 2578 554 2651 quod
563 2580 679 2652 quisque
687 2575 795 2646 extulit,

80 2653 167 2709 nudos
176 2652 342 2726 relinquunt.
381 2655 457 2710 Forte
466 2654 636 2712 clazomenae
647 2669 728 2726 prope

118 2746 215 2800 Pereo.
237 2746 298 2801 Fue.
676 2745 708 2798 ἢ
