1934 3014
168 149 201 201 lo
323 144 493 199 PHAEDlll
520 142 761 199 Flaolluon

205 251 320 318 Quidam
330 251 458 307 decedens
467 255 519 307 tros
528 251 636 324 reliquit
647 249 731 320 lilias;

167 332 250 383 unam
260 326 402 382 formosam
412 335 437 383 et
446 326 529 383 oeulis
538 329 679 391 venantem
690 327 775 382 viros:

113 414 125 456 5
168 400 310 456 atolteram
321 401 453 457 lanificam
463 401 578 475 etlrugi,
590 402 729 457 rostioam:

168 476 289 530 devotam
300 477 363 532 vino
373 477 473 531 tertiam
484 486 508 531 et
517 476 707 547 turpissimam.

168 552 268 605 llarum
279 554 365 606 autem
376 561 486 607 matrem
497 550 556 605 leoit
565 549 686 605 heredem
696 568 787 616 senex,

167 626 219 681 sub
229 626 385 689 eonditioue,
398 630 476 681 totam
488 634 516 680 ut
526 625 657 680 lortunom
666 625 752 680 tribus

168 699 312 772 aequaliter
321 701 471 764 distribuat,
483 701 530 754 sed
541 698 585 755 tali
595 699 687 755 modo:

114 785 139 828 lo
169 792 202 829 ne
212 775 270 830 dota
281 775 431 846 possideant
440 779 485 830 adt
494 775 628 842 [ruentum
645 778 717 840 tom,
729 772 811 830 simul

168 850 265 904 habore
275 868 316 904 res
326 851 458 915 desierint,
472 867 539 922 quas
547 850 702 920 acceperint,

169 927 276 979 oentoua
286 925 363 979 matri
374 924 507 980 eonferant
516 924 643 979 sestertia.

168 999 284 1054 Athenas
295 1017 385 1054 rumor
396 999 496 1070 lmplet.
537 999 619 1054 lllater
627 997 719 1053 sodula

169 1073 339 1145 iurisperitus
350 1073 475 1138 oonsulit;
498 1090 575 1128 nemo
584 1072 699 1144 expedit,

113 1159 139 1202 15
169 1166 223 1220 quo
233 1153 307 1220 pacto
316 1166 367 1202 uon
380 1147 539 1220 possideant,
550 1148 623 1220 quod
632 1145 710 1202 luerit
719 1146 821 1211 datum,

169 1223 318 1278 fructumve
327 1223 444 1294 capiant:
465 1221 570 1288 deiude,
582 1239 650 1295 quae
661 1221 767 1276 tulerlnt
780 1220 860 1285 nihil,

168 1302 286 1369 quanom
296 1298 395 1352 ratione
404 1297 537 1352 oonleraut
545 1297 694 1368 pecuniam.

168 1374 310 1442 Postquom
321 1379 457 1426 oonsumta
468 1379 507 1425 est
515 1372 640 1443 temporis
651 1372 722 1445 longi
733 1389 815 1438 mora,

168 1462 216 1499 uec
227 1446 372 1500 testamenti
382 1445 467 1516 potuit
475 1463 571 1501 sensus
580 1445 677 1519 colligi,

112 1531 138 1573 to
169 1519 248 1573 fidem
259 1518 405 1585 advocavit,
418 1520 475 1575 iore
485 1520 610 1594 neglecto,
622 1538 726 1592 parens.

168 1593 275 1665 Seponit
285 1595 408 1650 moechae
417 1597 526 1660 vestem,
539 1594 672 1650 mundum
682 1590 851 1663 moliebrem,

167 1668 326 1724 lavationem
336 1672 496 1743 argenteam,
508 1670 644 1726 eunuchos
654 1670 772 1744 glabreta,

168 1742 287 1798 laulfioae
297 1744 404 1818 agellos,
416 1748 518 1818 peoora
530 1745 632 1812 villam,
644 1745 784 1817 operarios,

167 1818 258 1883 boves,
271 1818 398 1887 iumenta,
409 1829 434 1876 at
444 1824 651 1877 lustramentum
661 1819 802 1876 nistioum:

112 1902 138 1947 25
167 1893 260 1965 potrloi
271 1893 377 1966 plenam
390 1896 508 1968 antiquis
518 1895 670 1967 apothecam
679 1895 761 1960 cadis,

167 1968 278 2025 domom
289 1969 406 2041 politam,
419 1978 443 2025 et
452 1970 575 2024 delicatos
586 1968 713 2025 hortulos.

167 2043 212 2098 Sio
221 2043 348 2099 destinata
358 2044 420 2100 dore
429 2063 515 2117 quum
526 2044 604 2099 vellet
613 2044 738 2117 siugulis,

167 2127 192 2172 et
201 2116 356 2190 adprobaret
365 2120 489 2192 populus,
501 2120 549 2192 qui
561 2120 620 2174 illas
634 2123 750 2182 noverat,

168 2193 287 2264 Aesopus
298 2194 383 2249 media
394 2195 482 2250 sobito
492 2194 520 2249 in
531 2195 608 2250 turbo
618 2194 745 2248 constitit:

113 2275 139 2319 eo
169 2266 225 2322 Osi
236 2277 354 2324 maneret
362 2269 465 2325 oondito
475 2272 569 2324 seusos
580 2268 656 2340 patri,

167 2359 250 2413 quam
259 2345 375 2417 groviter
384 2344 468 2409 ferret,
480 2343 552 2416 quod
564 2342 724 2397 voluutatom
734 2359 811 2396 suam

168 2416 331 2489 interpretari
346 2423 398 2474 non
411 2419 557 2491 potuissent
567 2417 657 2472 latici!

168 2491 284 2564 Rogotus
295 2494 398 2558 deinde,
410 2493 489 2549 solvit
496 2510 609 2548 errorem
620 2493 751 2546 omnium.

168 2566 283 2621 Domum
293 2576 318 2621 at
327 2570 488 2632 ornamenta,
501 2570 562 2622 com
574 2566 691 2622 venustis
701 2564 822 2627 hortulis,

113 2646 140 2691 ³5
170 2648 194 2694 et
204 2643 268 2696 vlua
278 2649 364 2697 vetera
374 2642 434 2697 dote
444 2642 562 2697 lanificae
571 2640 697 2713 rostioae:
