1934 3014
286 144 523 201 APPENDIX
563 145 583 199 1.
777 147 810 200 73

60 251 209 325 desequid
217 253 339 309 homines
348 252 477 308 dicerent:
498 251 580 307 simirl
591 253 662 308 iubet
852 266 866 310 ⁵

59 330 153 383 orande
164 326 268 383 adstare
277 327 370 383 simios
383 327 462 401 longo
474 327 574 390 drdine,

59 400 150 457 dextrd
160 399 300 474 laevaqu03
321 402 368 457 sed
377 403 430 458 sibi
439 405 502 474 poni
513 403 648 467 thronum,

59 483 90 532 ut
100 475 243 531 hdminum
253 494 328 551 reges
340 476 475 548 qudndam
486 475 568 532 faeere
579 477 689 532 viderat.

58 551 121 606 Mox
130 551 218 606 iussos
228 551 350 606 homines
362 553 391 605 in
401 550 520 606 medium
531 552 648 617 adducit,
661 561 747 627 rogat:

59 624 212 698 qualisnam
222 625 299 680 vobis
311 628 368 680 esse
378 625 477 690 videor,
489 626 622 698 hdspites‘?

58 699 204 771 Reepdndit
212 699 340 755 mendax:
361 703 404 755 rdx
415 700 512 755 videris
523 705 668 759 miximus.

59 773 130 842 Quid
140 775 183 839 hi,
195 792 263 847 quos
273 777 398 847 apparere
408 792 480 829 nunc
488 776 562 832 vides
576 778 662 833 mihi?

58 848 92 906 Hi
101 850 219 914 odmites,
230 850 258 903 hi
269 849 355 924 iegffl,
367 858 392 904 et
402 849 517 905 militem
527 853 617 910 duees.

57 923 194 980 Menddeio
204 922 326 979 laudidus
336 942 398 978 eum
409 924 484 979 turbd
495 943 543 982 sue

58 997 186 1053 addlatori
197 1001 297 1054 mimus
308 999 418 1070 imperit
427 998 494 1053 dari.

57 1071 206 1127 iiiosdeum
218 1090 312 1128 verax:
337 1078 406 1128 tinia
416 1072 439 1126 si
449 1070 586 1127 mendacio

57 1147 93 1202 sit
102 1149 212 1213 meme,
224 1154 325 1219 quanto
334 1151 386 1203 ndn
397 1164 454 1220 ego,
466 1145 544 1210 dixit,
557 1148 666 1202 mirnere

57 1220 184 1286 dondbon
197 1238 290 1276 verum
300 1225 324 1276 si
334 1239 382 1294 pro
392 1239 464 1277 more
473 1221 575 1277 dixero.

57 1296 125 1351 Hine
133 1295 169 1351 id
179 1313 297 1352 veraeem
307 1297 416 1352 simius:
429 1305 454 1352 et
467 1296 556 1370 qualis
565 1295 613 1350 tibi

57 1371 158 1436 videor,
169 1378 194 1425 et
204 1370 253 1436 illi,
267 1374 334 1444 quds
343 1380 411 1427 stare
419 1380 478 1426 ante
488 1375 531 1426 me
541 1370 644 1427 vides?-

57 1444 268 1517 Respdnditiile:
289 1449 444 1502 vdrusestu
454 1447 559 1512 simius,

57 1526 82 1574 ei
89 1519 163 1574 simii
174 1537 266 1575 omnes
277 1520 325 1586 ilii,
336 1521 383 1593 qui
394 1520 496 1575 similes
506 1522 555 1577 tui.

57 1595 142 1650 lrdtus
151 1593 228 1649 illum
238 1595 363 1650 dentibus
373 1613 420 1650 rex
430 1599 541 1667 imperat

57 1667 174 1734 laoerdri‚
188 1677 213 1724 et
221 1670 368 1742 unguibirs‚
380 1669 453 1743 quod
463 1689 524 1726 vera
534 1671 645 1727 dixerat.

94 1743 226 1799 Biandr'rm
237 1742 359 1799 laudatur
371 1756 385 1800 e
397 1745 475 1801 maiis
485 1745 662 1809 menmium,

57 1817 134 1875 bonis
144 1817 253 1874 honesta
262 1816 312 1874 ieri
321 1820 434 1875 exitium
444 1821 550 1875 veritas.

252 1993 329 2050 xxv.
351 2007 446 2051 norro
469 2006 516 2050 er
538 2007 610 2050 reo.

92 2101 187 2166 Homd
196 2112 310 2168 certabat
318 2115 381 2168 crim
389 2112 472 2179 leone,
485 2111 575 2169 fertior

56 2185 118 2258 quis
130 2187 208 2252 dedet,
223 2186 330 2260 litisque
339 2187 421 2242 hirius
431 2189 612 2243 testimdniu'm

56 2259 121 2316 dum
131 2263 273 2333 quaerunt,
283 2261 317 2316 ed
326 2260 478 2332 sepirlerum
491 2262 596 2317 tandem
607 2267 744 2325 venerunt,

56 2335 128 2390 elisis
137 2334 165 2389 in
176 2353 231 2408 quo
240 2336 274 2390 ab
286 2335 393 2391 hdmine
402 2337 503 2408 pictum
514 2337 635 2392 fadeibus

56 2408 158 2465 lednem
168 2410 289 2476 ostendit,
300 2415 488 2484 irgumentum
498 2411 609 2466 virium.
847 2423 864 2466 b

55 2483 107 2540 Led
118 2484 268 2557 respondit:
289 2486 405 2540 hirmane
416 2485 466 2540 hoe
475 2486 575 2556 pietirm
585 2502 682 2541 manu:

55 2558 159 2614 videres
172 2559 308 2614 hominem
318 2559 457 2624 deiectum,
469 2561 493 2613 si
503 2563 612 2632 pingere

55 2629 143 2690 iednee
151 2633 258 2688 seirent.
298 2633 607 2708 Sedegotestimdnium
