1934 3014
168 146 200 200 26
321 141 493 196 Pnnssnni
523 140 763 196 FABULARUM

111 302 117 310 ,
167 250 216 305 llic
227 249 357 321 pertinere
367 248 401 303 ad
410 248 511 304 demini
523 249 661 320 respondet
673 259 759 321 capnt,

167 332 192 378 et
201 323 373 378 ivertendnm
383 323 489 379 victima
500 323 659 396 perieulum.

168 398 215 453 llle
225 401 312 452 antem
323 396 446 463 affirmat,
458 399 598 472 edniugem
608 416 666 453 esse
675 397 829 466 adulteram,

113 484 139 528 ie
167 482 192 527 et
203 473 325 528 insitivos
335 473 480 547 significari
492 473 600 528 liberes:

167 547 214 602 sed
224 549 323 619 expiari
334 551 412 619 pesse
424 548 516 603 maiori
527 548 620 602 hestia.

168 622 240 690 Quid
251 622 353 678 milite?
372 623 454 678 variis
463 622 592 678 dissident
604 623 749 687 sententiis,

168 698 339 770 hominisque
350 716 440 758 curam
451 701 514 753 eina
523 697 621 752 maiore
631 702 786 770 iggmvnni.

167 773 286 844 Aesepus
296 773 332 827 ibi
340 782 426 838 stans,
438 774 510 827 niris
519 775 656 827 emunctae
666 790 755 837 senex,
762 820 790 853 X

113 858 139 902 15
169 851 262 903 natiirn
273 848 351 902 verbe
361 852 502 919 minquam
512 849 555 903 eni
566 849 651 919 potuit
661 846 735 901 dare:

167 922 194 979 Si
205 927 344 994 prdnurare
355 927 395 978 vis
405 930 545 986 ostentum,
558 922 661 988 mistim,

167 1001 271 1062 uxeres,
285 998 381 1070 inquit,
394 997 427 1052 de
438 997 490 1052 luis
501 997 660 1070 pasteribus

380 1203 421 1245 lV.
446 1203 542 1246 Simu
568 1202 700 1246 CAPUT.

204 1323 324 1384 Pendere
334 1328 367 1384 nd
378 1328 479 1384 lanium
492 1329 602 1402 quidem
613 1328 680 1384 vidit
689 1330 800 1382 simium

168 1407 235 1458 inter
245 1403 355 1458 relicuas
366 1407 465 1458 merces
474 1413 553 1476 atque
561 1404 680 1475 opsdnin.

167 1477 312 1544 Quaesivit,
325 1477 454 1549 quidnam
464 1479 582 1551 saperet?
600 1479 669 1532 Tum
681 1477 768 1532 laniis
778 1478 880 1533 iocans:

167 1551 254 1624 qnale,
266 1552 363 1623 lnquit,
375 1561 454 1624 capnt
463 1562 509 1617 est,
521 1553 580 1608 niis
589 1555 735 1625 praestatiir
744 1569 832 1623 seper.

113 1638 125 1680 5
205 1626 325 1681 Ridicule
335 1627 420 1701 magis
430 1627 603 1693 hecdicium,
619 1644 701 1699 qnam
712 1643 780 1691 vere,
792 1628 880 1682 aestim

168 1701 275 1774 qnando
286 1704 310 1754 et
319 1699 447 1758 formosos
455 1706 532 1774 saepe
542 1703 632 1758 inveni
643 1702 781 1773 pessimos,

167 1785 192 1831 et
202 1776 271 1847 tdrpi
282 1774 346 1831 fecie
357 1775 453 1832 mullos
463 1778 574 1851 cognovi
584 1777 707 1848 eptimos.

276 1983 304 2025 V.
328 1981 494 2025 AESOPUS
520 1982 567 2026 ΕΤ
594 1979 807 2025 l'ETULANS.

168 2103 316 2177 iiiioeessns
327 2109 360 2164 ad
370 2110 514 2180 perniciem
525 2108 622 2164 multos
633 2108 751 2164 devocat.

205 2183 425 2256 Aesdpo'quidem
438 2184 559 2256 petulans
570 2182 683 2256 lapidem
694 2184 849 2256 impegerat.

166 2257 259 2324 Teneo,
272 2260 368 2331 inquit,
380 2258 486 2314 meliori
507 2244 599 2314 dssem
611 2258 706 2313 deinde
716 2257 754 2312 illi
766 2257 847 2323 dedii,

167 2332 381 2404 sieprdseculus:
403 2333 466 2389 Plns
476 2351 528 2388 non
538 2334 622 2389 habeo
631 2351 674 2387 me
682 2331 802 2398 Hercule,

113 2417 124 2460 5
166 2407 214 2461 sed
225 2407 295 2463 unde
304 2409 420 2481 accipere
429 2413 524 2481 pessis,
537 2409 688 2464 monstmbd
698 2408 756 2463 tibi.

168 2483 245 2537 Venit
256 2484 547 2556 decediveselpetens3
571 2484 635 2539 huie
644 2483 767 2538 similiter

168 2557 288 2630 impinge
298 2557 426 2630 lapidem,
438 2567 463 2613 et
472 2559 585 2632 dignum
598 2559 709 2631 aenipies
717 2559 876 2631 praemium.

167 2632 312 2688 Persuisus
324 2633 369 2688 ille
377 2633 446 2698 iecit,
458 2634 530 2706 qnod
540 2635 656 2690 monitis
665 2632 731 2690 luit:
