1934 3014
165 191 199 245 'lo
329 184 511 242 FABULAE
541 183 756 240 GUDIANAE.

165 293 284 351 mnubis
294 311 358 350 voce
366 298 472 350 carmen
483 291 738 348 moduletummihi.

166 368 265 433 Atina,
281 369 406 442 quemvis
416 368 547 424 excideret
555 368 672 432 enimus,
687 376 775 422 tamen

166 447 241 500 melu
248 445 365 516 parebat,
377 446 402 498 et
411 451 497 498 coacte
507 443 614 498 clnlitnt

167 519 296 590 luctuque
304 517 394 591 plene.
432 517 560 572 Praedam
568 517 618 589 qui
627 520 776 588 captiveret

112 605 138 648 le
166 593 400 666 ecelpiterinquit:
422 595 476 647 nen
487 600 515 647 tu
525 593 634 646 cantasti
646 591 722 656 bene,

166 676 192 724 et
202 672 283 724 unam
293 685 327 723 ex
336 666 418 740 pullis
432 665 604 740 apprehendit
613 665 761 739 unguibus,

168 747 306 816 coepitque
315 743 449 799 devorlre.
488 743 530 796 Ex
540 740 645 796 diverse
656 739 729 794 venit

167 821 273 890 auceps,
285 825 311 872 et
321 816 422 871 calamo
433 815 501 871 clem
512 822 651 880 crescente,
663 813 792 886 perfidem

168 895 240 951 vises
249 892 387 966 contingit,
402 896 482 963 itque
492 891 519 945 in
530 899 625 946 terrem
638 889 762 944 detrahit.

113 978 138 1022 15
204 967 372 1041 Quicumque
380 965 485 1021 fraudes
494 964 539 1020 elii
548 965 630 1020 tendit
639 962 773 1029 subdolas,

167 1042 259 1097 timere
268 1041 354 1105 debet,
367 1059 401 1096 ne
411 1043 468 1112 lpse
478 1041 595 1112 capietur
604 1038 674 1094 dolo.

233 1229 287 1273 XX.
311 1227 442 1279 LUPUS,
465 1227 599 1271 VULPlS
621 1226 669 1270 ET
691 1226 845 1270 PASTOR.

203 1322 303 1402 Lupus
313 1351 360 1405 per
369 1343 474 1405 tempus
487 1339 633 1388 meximem
644 1324 812 1406 congesserat¹

167 1405 292 1478 praedam
302 1410 331 1462 ln
341 1408 437 1472 cubile,
448 1407 557 1462 haberet
565 1415 596 1462 ul
605 1408 713 1472 ciberie,

167 1480 244 1552 queis
252 1479 342 1550 plures
351 1489 439 1553 posset
447 1485 551 1536 menses
560 1483 613 1537 otie
622 1480 686 1536 frui.

168 1553 267 1625 Vulpes
277 1563 307 1609 ut
316 1558 398 1621 novit,
409 1555 443 1611 ed
453 1556 541 1612 cubile
551 1557 606 1612 eblt
615 1555 682 1628 lupi,

113 1642 125 1685 5
167 1636 193 1684 el
202 1633 265 1685 νόω
274 1630 399 1686 tremula:
420 1650 454 1686 en
465 1634 542 1698 recte,
553 1631 640 1696 freter,
651 1628 759 1686 emnie‘l

168 1702 245 1770 Quod
254 1706 280 1758 te
289 1723 342 1760 nen
355 1705 411 1760 vidi
422 1707 499 1761 silvis
510 1708 649 1762 venantem
661 1705 721 1769 tuis,

167 1779 268 1832 tristem
277 1797 325 1851 per
336 1797 428 1835 omnes
439 1783 516 1855 exegi
526 1782 608 1836 vitelm
619 1780 685 1834 dies.

167 1854 270 1926 Lupus,
283 1854 393 1910 livorem
403 1859 543 1928 pestquem
553 1855 662 1928 agnovit
671 1852 803 1908 aemulae:

168 1944 221 1984 non
231 1931 261 1984 tir
269 1929 380 1986 sollicite
391 1930 444 1985 huc
453 1934 531 1986 cause
541 1930 637 1986 venisti
648 1946 715 1994 mee,

113 2014 139 2059 lc
167 2002 325 2075 sedplrtem
335 2012 365 2060 ut
374 2013 472 2078 captes.
511 2003 615 2060 Frende
624 2003 691 2076 quid
699 2007 781 2076 pelle,
793 2004 858 2058 scio.

166 2080 235 2135 Irata
245 2078 335 2151 vulpis
344 2080 378 2135 ld
387 2081 480 2136 ovium
494 2082 624 2151 pesterem
634 2079 701 2134 abit:

167 2155 273 2228 regesne,
285 2163 382 2225 pastor,
395 2155 492 2226 lnquit,
505 2154 602 2228 gratius
612 2153 689 2218 mihi,

167 2228 309 2284 inimlcum
318 2229 341 2282 si
350 2228 480 2284 tradidero
490 2228 568 2283 hodie
577 2230 666 2302 gregis
678 2227 725 2291 tui,

167 2302 549 2376 utm'rnquemsiseclllcitus‘l
568 2304 670 2357 Pastor:
692 2301 808 2356 serviem

113 2386 140 2430 15
168 2377 227 2442 tibi,
240 2379 337 2450 lnquit,
350 2379 466 2434 tribuam
477 2385 510 2443 et,
526 2376 662 2450 quidquid
676 2374 800 2442 volueris,
812 2374 907 2430 lubens

168 2451 263 2507 Cubile
272 2461 400 2508 monstrat
410 2453 455 2508 llle
464 2454 561 2525 pastori
572 2451 638 2523 lupi,

167 2527 217 2598 qui
227 2525 349 2582 clausum
356 2529 477 2600 protinus
487 2527 598 2600 peremit
608 2526 706 2591 lincea,

168 2609 194 2655 et
202 2600 322 2675 gaudens
331 2602 364 2657 de
373 2601 459 2659 aliene
468 2602 597 2661 saturavit
606 2601 749 2657 aemulum.

168 2676 202 2730 Ut
211 2678 274 2732 vero
284 2676 374 2749 vulpis
384 2680 411 2733 ln
421 2685 546 2734 venantes
557 2676 659 2740 lncirlit.
