1934 3014
295 171 468 226 LIBER
515 173 565 230 lv,
772 176 799 230 et

51 286 162 343 vestem,
175 278 295 344 rinioneS,
306 279 465 352 pedisequos
475 288 500 335 et
508 284 591 336 cetera
631 334 635 341 ,

51 353 92 409 illi
102 352 244 426 essignate,
257 356 339 408 vitam
349 372 418 427 quae
428 355 494 411 luxti
505 356 595 412 trahit:

51 431 139 503 agnes,
152 427 278 494 iumenta,
290 437 315 483 et
323 432 415 500 pecora
425 448 487 484 cum
497 431 647 501 pasteribus

51 503 147 558 donete
156 503 287 558 moechae.
327 503 405 558 Nulla
417 505 509 576 poterit
520 506 630 576 perpeti,

51 586 83 632 ut
91 577 212 632 meribus
222 578 289 649 quid
298 581 382 632 teneat
390 579 506 633 aliendm
520 580 587 633 suis.
833 589 859 636 to

51 650 182 707 Defermis
192 653 293 707 cultum
304 653 408 718 vendet,
421 662 451 708 ut
462 655 556 708 vinum
567 663 652 725 paret3

52 729 130 800 egres
140 727 244 781 abiiciet
254 729 371 792 moecha,
383 737 413 782 ut
422 731 544 782 ornatrim
555 738 639 800 paret,

52 811 78 857 at
88 801 134 856 ilia
144 802 264 875 gaudens
274 805 373 874 pecore,
386 812 411 857 et
421 803 495 857 lanae
505 803 601 868 dedita,

52 880 214 950 quacunque
223 895 328 932 summa
339 878 421 932 tredet
430 877 552 933 luxuriae
562 878 683 934 domum.

51 951 96 1007 Sic
105 951 179 1007 nuilla
190 952 343 1027 possidebit,
355 953 427 1025 quod
438 952 628 1019 [ueritdatum
832 962 859 1008 tt

51 1036 77 1082 et
85 1025 184 1081 droam
194 1027 270 1082 matri
282 1027 413 1082 censerent
422 1028 561 1100 pecuniam

51 1119 85 1157 ex
94 1101 178 1173 pretio
188 1120 287 1167 rerum,
299 1107 367 1175 ques
378 1103 545 1158 vendiderint
555 1103 686 1177 singulae.

88 1178 135 1242 lta,
147 1176 220 1249 qued
229 1177 375 1232 multorum
386 1176 454 1251 fugit
464 1178 681 1250 imprudentiam,

51 1253 135 1308 unius
144 1251 262 1306 huminis
273 1253 368 1324 reperit
377 1251 492 1307 solertia.

59 1479 101 1524 vl.
126 1477 257 1524 ruem
282 1480 431 1525 numum
456 1481 503 1525 ET
529 1480 794 1526 ntusTELarturu.

89 1595 165 1661 Cum
175 1605 239 1660 victi
247 1622 338 1660 mures
349 1606 522 1663 mestelarum
531 1607 647 1662 exercitu

49 1680 174 1810 pristena
183 1697 300 1753 quorum
310 1683 339 1735 in
352 1682 467 1738 tabernis
478 1682 610 1756 pingitur)

79 1757 181 1830 gerent,
192 1763 218 1809 et
227 1762 296 1811 artes
306 1757 406 1811 circum
417 1757 576 1829 trepidarent
585 1773 673 1821 cavos,

50 1833 128 1904 aegre
137 1830 244 1901 recepti,
257 1835 344 1886 temen
356 1837 495 1887 evaserent
505 1849 606 1886 necem.

49 1906 135 1960 Duces
145 1922 248 1971 eorum,
260 1907 308 1977 qui
319 1907 449 1978 capitibus
460 1911 557 1961 cernua

50 1982 107 2035 suis
117 1979 241 2054 ligarent,
253 1983 282 2034 r'rt
292 1980 466 2051 conspicuum
477 1983 505 2035 in
518 1980 617 2051 proelio

49 2054 178 2110 baberent
187 2055 306 2128 signum,
318 2055 392 2127 qued
400 2063 573 2128 sequerentur
582 2052 689 2118 milites,

49 2129 157 2184 haesere
166 2129 193 2183 in
203 2129 296 2201 portis,
308 2133 424 2203 seritque
433 2130 500 2202 capti
511 2130 545 2184 ab
554 2129 688 2195 bestibus;

50 2220 118 2275 quos
128 2202 278 2259 immolatos
289 2207 372 2260 victor
380 2206 466 2260 avidis
476 2204 600 2259 dentibus

49 2278 153 2350 capecis
163 2277 218 2334 alvi
228 2279 319 2335 mersit
328 2283 438 2336 tartaree
447 2297 538 2352 specu.
831 2287 857 2329 10

87 2351 282 2426 Quemcunque
291 2355 420 2426 populum
430 2355 512 2410 tristis
523 2355 632 2410 eventus
641 2353 746 2425 premit,

51 2427 213 2498 periclitatur
222 2429 377 2500 megnitndc
388 2431 550 2502 prtncipum,

51 2503 154 2559 mimita
165 2502 255 2574 plebes
265 2501 334 2557 iecili
345 2503 476 2575 praesidid
486 2504 555 2559 latet.
